%YAML 1.1
%TAG !u! tag:unity3d.com,2011:
--- !u!1 &5643390949504673820
GameObject:
  m_ObjectHideFlags: 0
  m_CorrespondingSourceObject: {fileID: 0}
  m_PrefabInstance: {fileID: 0}
  m_PrefabAsset: {fileID: 0}
  serializedVersion: 6
  m_Component:
  - component: {fileID: 5643390949504673794}
  - component: {fileID: 5643390949504673798}
  - component: {fileID: 5643390949504673821}
  - component: {fileID: 5643390949504673793}
  - component: {fileID: 5643390949504673795}
  - component: {fileID: 5643390949504673792}
  - component: {fileID: 5643390949504673799}
  m_Layer: 0
  m_Name: Game Manager
  m_TagString: Untagged
  m_Icon: {fileID: 0}
  m_NavMeshLayer: 0
  m_StaticEditorFlags: 0
  m_IsActive: 1
--- !u!4 &5643390949504673794
Transform:
  m_ObjectHideFlags: 0
  m_CorrespondingSourceObject: {fileID: 0}
  m_PrefabInstance: {fileID: 0}
  m_PrefabAsset: {fileID: 0}
  m_GameObject: {fileID: 5643390949504673820}
  m_LocalRotation: {x: 0, y: 0, z: 0, w: 1}
  m_LocalPosition: {x: 0, y: 0, z: 0}
  m_LocalScale: {x: 1, y: 1, z: 1}
  m_Children:
  - {fileID: 3825568477203110350}
  m_Father: {fileID: 0}
  m_RootOrder: 0
  m_LocalEulerAnglesHint: {x: 0, y: 0, z: 0}
--- !u!114 &5643390949504673798
MonoBehaviour:
  m_ObjectHideFlags: 0
  m_CorrespondingSourceObject: {fileID: 0}
  m_PrefabInstance: {fileID: 0}
  m_PrefabAsset: {fileID: 0}
  m_GameObject: {fileID: 5643390949504673820}
  m_Enabled: 1
  m_EditorHideFlags: 0
  m_Script: {fileID: 11500000, guid: fa3a7ad93e3ecd941abb1f6ba68fd378, type: 3}
  m_Name: 
  m_EditorClassIdentifier: 
  sounds:
  - {fileID: 8300000, guid: 316d882f74ee8334f9a9dfaf00c0205c, type: 3}
  - {fileID: 8300000, guid: bc29d40379cb12346970d239229ac6b8, type: 3}
  - {fileID: 8300000, guid: bd9ae77e89d9ceb498ef0ebc2a936b04, type: 3}
  - {fileID: 8300000, guid: d85fca16ac8f1c14da77b70b6dc750fe, type: 3}
  - {fileID: 8300000, guid: 4cc998a326ca92d4498217411020dc82, type: 3}
  - {fileID: 8300000, guid: 17243c594ae861140bef791c2637aae5, type: 3}
  - {fileID: 8300000, guid: 14a6ffd4dc57abf44b875604876ada44, type: 3}
  - {fileID: 8300000, guid: fccb9b6abd970394caeb58aa61f4b32d, type: 3}
  - {fileID: 8300000, guid: 003e4b2ded5c9f64193c6facfdb27cc4, type: 3}
  - {fileID: 8300000, guid: 292ee740c84152449be582f6bceba4aa, type: 3}
  - {fileID: 8300000, guid: 6a9498a1d53e2eb458c0e755dc42ae14, type: 3}
  - {fileID: 8300000, guid: 08c28bba2c500bb45aaa1f03950854d8, type: 3}
  - {fileID: 8300000, guid: c142be4aa6488344aa6413c9705a3341, type: 3}
  - {fileID: 8300000, guid: 3a0822b935780ed4684a98f03e57c985, type: 3}
  - {fileID: 8300000, guid: 4ee7840ee3f8225468a82803429001f1, type: 3}
  - {fileID: 8300000, guid: d7d86e40d97bb3f4ca7dd72dfcd24dd5, type: 3}
  - {fileID: 8300000, guid: d547d62b013c200438b5bac7c3beb36f, type: 3}
  - {fileID: 8300000, guid: 50ba3388488780d4c93093ea33733a73, type: 3}
  - {fileID: 8300000, guid: 50ba3388488780d4c93093ea33733a73, type: 3}
  - {fileID: 8300000, guid: 50ba3388488780d4c93093ea33733a73, type: 3}
  - {fileID: 8300000, guid: a57df7c4c45ec9943956b4e8547ef8d5, type: 3}
  - {fileID: 0}
  - {fileID: 8300000, guid: 63c0702d00b4d13439f053aec7a646c0, type: 3}
  - {fileID: 8300000, guid: 01a8fae1a55557646ba163da302bf9df, type: 3}
  alternativeSounds:
  - Speaker: 1
    SoundEffect: 15
    AudioClip: {fileID: 8300000, guid: 46f77d997c8c40d49a3a1810edce7949, type: 3}
  - Speaker: 1
    SoundEffect: 14
    AudioClip: {fileID: 8300000, guid: 7fe99e8af4ba6c04e887f4041da721ba, type: 3}
  - Speaker: 1
    SoundEffect: 13
    AudioClip: {fileID: 8300000, guid: e6aff4b8d6c66e847b06e49473f741c3, type: 3}
  - Speaker: 1
    SoundEffect: 12
    AudioClip: {fileID: 8300000, guid: e3be09a16c69a7a44b4b09305e8c2dae, type: 3}
  - Speaker: 1
    SoundEffect: 11
    AudioClip: {fileID: 8300000, guid: cd49d1817f31b434ea858a139c966516, type: 3}
  - Speaker: 1
    SoundEffect: 10
    AudioClip: {fileID: 8300000, guid: 5b13f19e32132d744a0ae39091526fc0, type: 3}
  - Speaker: 1
    SoundEffect: 9
    AudioClip: {fileID: 8300000, guid: 3dd5733b05889dd48973b2ca5f2f945e, type: 3}
  - Speaker: 1
    SoundEffect: 8
    AudioClip: {fileID: 8300000, guid: f43f2105b64bc214894c534cdfb0538e, type: 3}
  - Speaker: 1
    SoundEffect: 7
    AudioClip: {fileID: 8300000, guid: f427f757b001daf4bb8a154b155b4408, type: 3}
  - Speaker: 1
    SoundEffect: 6
    AudioClip: {fileID: 8300000, guid: bb47c98c2e39af3469c72cf7b9a4e633, type: 3}
  - Speaker: 1
    SoundEffect: 21
    AudioClip: {fileID: 8300000, guid: 09fc5a93ac5b7454595708a8053cb518, type: 3}
  - Speaker: 1
    SoundEffect: 5
    AudioClip: {fileID: 8300000, guid: 100b8d33a9973894fb6b12972064b97d, type: 3}
  - Speaker: 1
    SoundEffect: 23
    AudioClip: {fileID: 8300000, guid: cb7c75f7a66e9f146b862f53aa31bfae, type: 3}
  - Speaker: 1
    SoundEffect: 3
    AudioClip: {fileID: 8300000, guid: a51d6b5bed6c8b146aa6cc78aabdee51, type: 3}
  - Speaker: 1
    SoundEffect: 4
    AudioClip: {fileID: 8300000, guid: cb444ff6a1918e8439b9cc9b1399ca21, type: 3}
  - Speaker: 1
    SoundEffect: 16
    AudioClip: {fileID: 8300000, guid: 084622f728822f74e992c8306dfcef70, type: 3}
  - Speaker: 1
    SoundEffect: 22
    AudioClip: {fileID: 8300000, guid: ce2cc0f9db7901b4a812b8dbbe6e5c81, type: 3}
--- !u!114 &5643390949504673821
MonoBehaviour:
  m_ObjectHideFlags: 0
  m_CorrespondingSourceObject: {fileID: 0}
  m_PrefabInstance: {fileID: 0}
  m_PrefabAsset: {fileID: 0}
  m_GameObject: {fileID: 5643390949504673820}
  m_Enabled: 1
  m_EditorHideFlags: 0
  m_Script: {fileID: 11500000, guid: d31b6cc650d775f4d8629a72fbeb9ff3, type: 3}
  m_Name: 
  m_EditorClassIdentifier: 
  gameTime: 0
  countdownTime: 3
  startAutomaticallyTime: 30
  startsAutomatically: 0
  spawnRate: 3
  ShieldOnOff: 0
  state: 0
  amountOfPlayers: 0
  maxSpec: 0
  players:
  - {fileID: 0}
  - {fileID: 0}
  - {fileID: 0}
  - {fileID: 0}
  points: 00000000000000000000000000000000
  playerNumber: 0
  isSpectator: 0
  isDesktopClient: 0
  playerSetup: {fileID: 0}
  settingTransferOwnershipNewOwnerInterpolation: 0
  settingTransferOwnershipOldOwnerInterpolation: 0
  settingTransOwnershipNewOwnerMultiplier: 1
  prefabPlayerSetup: {fileID: 1972088347313998, guid: 5d769bddbc77348408348876ab85ce7c,
    type: 3}
  prefabPrizes:
  - {fileID: 7013093187476358689, guid: 92a06b24b72cf9f48bad521cc84e698c, type: 3}
  - {fileID: 6514015907645414770, guid: e4717bad035a228458715d83ab352c4e, type: 3}
  - {fileID: 8151007276239212020, guid: 309c3abcdcb5a4846b46e644995691ff, type: 3}
  - {fileID: 1143835222466577896, guid: c4dfcf5e3fecccb49a8323c68cee8bf9, type: 3}
  prefabSpectator: {fileID: 1340178909677880, guid: c2fe14d19e7b93e418bdffb2a1bc2908,
    type: 3}
  arenas:
  - {fileID: 0}
  - {fileID: 0}
  - {fileID: 0}
  - {fileID: 0}
  currentTime: 0
  leadingStatuses: []
  isConnected: 0
  variablesSynced: 0
  gameObjectsSynced: 0
  lastSound: 0
  CamUi: {fileID: 0}
  EventSystem: {fileID: 0}
  UICanvMouse: {fileID: 0}
  LocalAvatar: {fileID: 5043274875313635034, guid: cfef9019f7a80c64eae9c983b5d4c1d0,
    type: 3}
  IsOculusQuest: 0
  VrChoosePlayer: {fileID: 0}
  VrOculusRoomCamDesktop: {fileID: 0}
  CanvasDesktop: {fileID: 0}
  Shield: {fileID: 8042472162789505069, guid: 393524b3fe0b5724e84dbb168d758ebd, type: 3}
  ListDesktopMenu: []
  counters: 1
  chooseSkyBox: 
  cloudSun: {fileID: 2100000, guid: 91e5d06d4e6404411951479ec3dff913, type: 2}
  blueSun: {fileID: 2100000, guid: 674fd7a44dab3dd4b8f5e1adffe5bc59, type: 2}
  fantasy1: {fileID: 2100000, guid: 8e48450d3fc8541d2b8081e2b3a2b5fa, type: 2}
  fantasy2: {fileID: 2100000, guid: bda0d7acf8c054dea902ef6da379b121, type: 2}
  anotherPlanet: {fileID: 2100000, guid: 304449922f7da4d579ccbab2bd2327e1, type: 2}
  nebula: {fileID: 2100000, guid: 8ffcf1f9830ce4f56a7a52aa93f579ef, type: 2}
  skyOnFire: {fileID: 2100000, guid: 71719b78b0cc1482b802a1c4d28c034b, type: 2}
  space: {fileID: 2100000, guid: 6e62dcaae1457e34ca93e0dcb96b58e3, type: 2}
  goldenSun: {fileID: 2100000, guid: 68f14da3462938c448fa4593f0672bd5, type: 2}
  gloriousPink: {fileID: 2100000, guid: bf043df7ea40be34a863a17aac59d35b, type: 2}
  player1: {fileID: 0}
  player2: {fileID: 0}
  player3: {fileID: 0}
  player4: {fileID: 0}
  spec1: {fileID: 0}
  spec2: {fileID: 0}
  spec3: {fileID: 0}
  spec4: {fileID: 0}
  pointsPlayer1: {fileID: 0}
  pointsPlayer2: {fileID: 0}
  pointsPlayer3: {fileID: 0}
  pointsPlayer4: {fileID: 0}
  pingTextPlayer1: {fileID: 0}
  pingTextPlayer2: {fileID: 0}
  pingTextPlayer3: {fileID: 0}
  pingTextPlayer4: {fileID: 0}
  pingTextspec1: {fileID: 0}
  pingTextspec2: {fileID: 0}
  pingTextspec3: {fileID: 0}
  pingTextspec4: {fileID: 0}
  namesPlayer:
  - 
  - 
  - 
  - 
  - 
  - 
  - 
  - 
  ping: 0000000000000000000000000000000000000000000000000000000000000000
  gameIsRunningMessageObject: {fileID: 0}
  player1OnField: {fileID: 0}
  player2OnField: {fileID: 0}
  player3OnField: {fileID: 0}
  player4OnField: {fileID: 0}
  player1connected: 0
  player2connected: 0
  player3connected: 0
  player4connected: 0
  vrRig: {fileID: 0}
  vr_Input: {fileID: 5643390949504673793}
  scriptableGameStats: {fileID: 11400000, guid: f0c1cdd0417739a40978566eb5aad8b0,
    type: 2}
--- !u!114 &5643390949504673793
MonoBehaviour:
  m_ObjectHideFlags: 0
  m_CorrespondingSourceObject: {fileID: 0}
  m_PrefabInstance: {fileID: 0}
  m_PrefabAsset: {fileID: 0}
  m_GameObject: {fileID: 5643390949504673820}
  m_Enabled: 1
  m_EditorHideFlags: 0
  m_Script: {fileID: 11500000, guid: fa04c4c4b83bf9844b127d7ac47f3441, type: 3}
  m_Name: 
  m_EditorClassIdentifier: 
  controlsMenu: {fileID: 0}
  saveName: ControlsJson
  showNameText: {fileID: 0}
--- !u!114 &5643390949504673795
MonoBehaviour:
  m_ObjectHideFlags: 0
  m_CorrespondingSourceObject: {fileID: 0}
  m_PrefabInstance: {fileID: 0}
  m_PrefabAsset: {fileID: 0}
  m_GameObject: {fileID: 5643390949504673820}
  m_Enabled: 1
  m_EditorHideFlags: 0
  m_Script: {fileID: 11500000, guid: aa584fbee541324448dd18d8409c7a41, type: 3}
  m_Name: 
  m_EditorClassIdentifier: 
  ownerId: 0
  group: 0
  OwnerShipWasTransfered: 0
  prefixBackup: -1
  synchronization: 3
  onSerializeTransformOption: 3
  onSerializeRigidBodyOption: 2
  ownershipTransfer: 0
  ObservedComponents:
  - {fileID: 5643390949504673821}
  ObservedComponentsFoldoutOpen: 1
  viewIdField: 0
  instantiationId: -1
  currentMasterID: -1
  isRuntimeInstantiated: 0
--- !u!114 &5643390949504673792
MonoBehaviour:
  m_ObjectHideFlags: 0
  m_CorrespondingSourceObject: {fileID: 0}
  m_PrefabInstance: {fileID: 0}
  m_PrefabAsset: {fileID: 0}
  m_GameObject: {fileID: 5643390949504673820}
  m_Enabled: 0
  m_EditorHideFlags: 0
  m_Script: {fileID: 11500000, guid: d06466c03d263624786afa88b52928b6, type: 3}
  m_Name: 
  m_EditorClassIdentifier: 
  statsWindowOn: 1
  statsOn: 1
  healthStatsVisible: 1
  trafficStatsOn: 0
  buttonsOn: 0
  statsRect:
    serializedVersion: 2
    x: 0
    y: 100
    width: 200
    height: 50
  WindowId: 100
--- !u!82 &5643390949504673799
AudioSource:
  m_ObjectHideFlags: 0
  m_CorrespondingSourceObject: {fileID: 0}
  m_PrefabInstance: {fileID: 0}
  m_PrefabAsset: {fileID: 0}
  m_GameObject: {fileID: 5643390949504673820}
  m_Enabled: 1
  serializedVersion: 4
  OutputAudioMixerGroup: {fileID: 0}
  m_audioClip: {fileID: 0}
  m_PlayOnAwake: 1
  m_Volume: 0.8
  m_Pitch: 1
  Loop: 0
  Mute: 0
  Spatialize: 0
  SpatializePostEffects: 0
  Priority: 128
  DopplerLevel: 1
  MinDistance: 1
  MaxDistance: 500
  Pan2D: 0
  rolloffMode: 0
  BypassEffects: 0
  BypassListenerEffects: 0
  BypassReverbZones: 0
  rolloffCustomCurve:
    serializedVersion: 2
    m_Curve:
    - serializedVersion: 3
      time: 0
      value: 1
      inSlope: 0
      outSlope: 0
      tangentMode: 0
      weightedMode: 0
      inWeight: 0.33333334
      outWeight: 0.33333334
    - serializedVersion: 3
      time: 1
      value: 0
      inSlope: 0
      outSlope: 0
      tangentMode: 0
      weightedMode: 0
      inWeight: 0.33333334
      outWeight: 0.33333334
    m_PreInfinity: 2
    m_PostInfinity: 2
    m_RotationOrder: 4
  panLevelCustomCurve:
    serializedVersion: 2
    m_Curve:
    - serializedVersion: 3
      time: 0
      value: 0
      inSlope: 0
      outSlope: 0
      tangentMode: 0
      weightedMode: 0
      inWeight: 0.33333334
      outWeight: 0.33333334
    m_PreInfinity: 2
    m_PostInfinity: 2
    m_RotationOrder: 4
  spreadCustomCurve:
    serializedVersion: 2
    m_Curve:
    - serializedVersion: 3
      time: 0
      value: 0
      inSlope: 0
      outSlope: 0
      tangentMode: 0
      weightedMode: 0
      inWeight: 0.33333334
      outWeight: 0.33333334
    m_PreInfinity: 2
    m_PostInfinity: 2
    m_RotationOrder: 4
  reverbZoneMixCustomCurve:
    serializedVersion: 2
    m_Curve:
    - serializedVersion: 3
      time: 0
      value: 1
      inSlope: 0
      outSlope: 0
      tangentMode: 0
      weightedMode: 0
      inWeight: 0.33333334
      outWeight: 0.33333334
    m_PreInfinity: 2
    m_PostInfinity: 2
    m_RotationOrder: 4
--- !u!1 &8857500772105965921
GameObject:
  m_ObjectHideFlags: 0
  m_CorrespondingSourceObject: {fileID: 0}
  m_PrefabInstance: {fileID: 0}
  m_PrefabAsset: {fileID: 0}
  serializedVersion: 6
  m_Component:
  - component: {fileID: 3825568477203110350}
  - component: {fileID: 5193388615134641301}
  - component: {fileID: 5643390948824518389}
  - component: {fileID: 5643390948824518388}
  m_Layer: 0
  m_Name: Game Stats
  m_TagString: Untagged
  m_Icon: {fileID: 0}
  m_NavMeshLayer: 0
  m_StaticEditorFlags: 0
  m_IsActive: 1
--- !u!4 &3825568477203110350
Transform:
  m_ObjectHideFlags: 0
  m_CorrespondingSourceObject: {fileID: 0}
  m_PrefabInstance: {fileID: 0}
  m_PrefabAsset: {fileID: 0}
  m_GameObject: {fileID: 8857500772105965921}
  m_LocalRotation: {x: -0, y: -0, z: -0, w: 1}
  m_LocalPosition: {x: 0, y: 0, z: 0}
  m_LocalScale: {x: 1, y: 1, z: 1}
  m_Children: []
  m_Father: {fileID: 5643390949504673794}
  m_RootOrder: 0
  m_LocalEulerAnglesHint: {x: 0, y: 0, z: 0}
--- !u!114 &5193388615134641301
MonoBehaviour:
  m_ObjectHideFlags: 0
  m_CorrespondingSourceObject: {fileID: 0}
  m_PrefabInstance: {fileID: 0}
  m_PrefabAsset: {fileID: 0}
  m_GameObject: {fileID: 8857500772105965921}
  m_Enabled: 1
  m_EditorHideFlags: 0
  m_Script: {fileID: 11500000, guid: 01ddd621090fa9b46bc3e9b15ba1a38a, type: 3}
  m_Name: 
  m_EditorClassIdentifier: 
  seconds: 3
  scriptableGameStats: {fileID: 11400000, guid: f0c1cdd0417739a40978566eb5aad8b0,
    type: 2}
  playerStatsPhoton: {fileID: 5643390948824518389}
--- !u!114 &5643390948824518389
MonoBehaviour:
  m_ObjectHideFlags: 0
  m_CorrespondingSourceObject: {fileID: 0}
  m_PrefabInstance: {fileID: 0}
  m_PrefabAsset: {fileID: 0}
  m_GameObject: {fileID: 8857500772105965921}
  m_Enabled: 1
  m_EditorHideFlags: 0
  m_Script: {fileID: 11500000, guid: 191502404395bb745b04401804ad5f09, type: 3}
  m_Name: 
  m_EditorClassIdentifier: 
--- !u!114 &5643390948824518388
MonoBehaviour:
  m_ObjectHideFlags: 0
  m_CorrespondingSourceObject: {fileID: 0}
  m_PrefabInstance: {fileID: 0}
  m_PrefabAsset: {fileID: 0}
  m_GameObject: {fileID: 8857500772105965921}
  m_Enabled: 1
  m_EditorHideFlags: 0
  m_Script: {fileID: 11500000, guid: 40c3e2bd9cdcaba4dbe5a18c62c70848, type: 3}
  m_Name: 
  m_EditorClassIdentifier: 
  playerStatsPhoton: {fileID: 5643390948824518389}
