%YAML 1.1
%TAG !u! tag:unity3d.com,2011:
--- !u!1 &986755876352658875
GameObject:
  m_ObjectHideFlags: 0
  m_CorrespondingSourceObject: {fileID: 0}
  m_PrefabInstance: {fileID: 0}
  m_PrefabAsset: {fileID: 0}
  serializedVersion: 6
  m_Component:
  - component: {fileID: 1239154946426461574}
  - component: {fileID: 7743030731099931914}
  - component: {fileID: 6290488280606517664}
  m_Layer: 0
  m_Name: GreenpointCounterCollider
  m_TagString: Untagged
  m_Icon: {fileID: 0}
  m_NavMeshLayer: 0
  m_StaticEditorFlags: 0
  m_IsActive: 1
--- !u!4 &1239154946426461574
Transform:
  m_ObjectHideFlags: 0
  m_CorrespondingSourceObject: {fileID: 0}
  m_PrefabInstance: {fileID: 0}
  m_PrefabAsset: {fileID: 0}
  m_GameObject: {fileID: 986755876352658875}
  m_LocalRotation: {x: -0, y: 1, z: -0, w: 0}
  m_LocalPosition: {x: -0.10300021, y: 1.1290998, z: 2.0710042}
  m_LocalScale: {x: 1.0245183, y: 0.6098241, z: 0.55161333}
  m_Children: []
  m_Father: {fileID: 8954614875326080643}
  m_RootOrder: 5
  m_LocalEulerAnglesHint: {x: 0, y: 0, z: 0}
--- !u!65 &7743030731099931914
BoxCollider:
  m_ObjectHideFlags: 0
  m_CorrespondingSourceObject: {fileID: 0}
  m_PrefabInstance: {fileID: 0}
  m_PrefabAsset: {fileID: 0}
  m_GameObject: {fileID: 986755876352658875}
  m_Material: {fileID: 0}
  m_IsTrigger: 1
  m_Enabled: 1
  serializedVersion: 2
  m_Size: {x: 1, y: 1, z: 1}
  m_Center: {x: 0, y: 0, z: 0}
--- !u!114 &6290488280606517664
MonoBehaviour:
  m_ObjectHideFlags: 0
  m_CorrespondingSourceObject: {fileID: 0}
  m_PrefabInstance: {fileID: 0}
  m_PrefabAsset: {fileID: 0}
  m_GameObject: {fileID: 986755876352658875}
  m_Enabled: 1
  m_EditorHideFlags: 0
  m_Script: {fileID: 11500000, guid: ed763c4b888b39644a2239a7ab93bd99, type: 3}
  m_Name: 
  m_EditorClassIdentifier: 
  middlePoints: {fileID: 2901950776423381148}
  points: 0
--- !u!1 &2901950776423381150
GameObject:
  m_ObjectHideFlags: 0
  m_CorrespondingSourceObject: {fileID: 0}
  m_PrefabInstance: {fileID: 0}
  m_PrefabAsset: {fileID: 0}
  serializedVersion: 6
  m_Component:
  - component: {fileID: 2901950776423381151}
  - component: {fileID: 2901950776423381149}
  - component: {fileID: 2901950776423381148}
  m_Layer: 5
  m_Name: Points
  m_TagString: Untagged
  m_Icon: {fileID: 0}
  m_NavMeshLayer: 0
  m_StaticEditorFlags: 0
  m_IsActive: 1
--- !u!224 &2901950776423381151
RectTransform:
  m_ObjectHideFlags: 0
  m_CorrespondingSourceObject: {fileID: 0}
  m_PrefabInstance: {fileID: 0}
  m_PrefabAsset: {fileID: 0}
  m_GameObject: {fileID: 2901950776423381150}
  m_LocalRotation: {x: -0, y: -0, z: -0, w: 1}
  m_LocalPosition: {x: 0, y: 0, z: 0}
  m_LocalScale: {x: 0.9999988, y: 1.0864413, z: 1.0864414}
  m_Children: []
  m_Father: {fileID: 2901950777238869327}
  m_RootOrder: 0
  m_LocalEulerAnglesHint: {x: 0, y: 0, z: 0}
  m_AnchorMin: {x: 0.5, y: 0.5}
  m_AnchorMax: {x: 0.5, y: 0.5}
  m_AnchoredPosition: {x: 0, y: -277}
  m_SizeDelta: {x: 500, y: 300}
  m_Pivot: {x: 0.5, y: 0.5}
--- !u!222 &2901950776423381149
CanvasRenderer:
  m_ObjectHideFlags: 0
  m_CorrespondingSourceObject: {fileID: 0}
  m_PrefabInstance: {fileID: 0}
  m_PrefabAsset: {fileID: 0}
  m_GameObject: {fileID: 2901950776423381150}
  m_CullTransparentMesh: 0
--- !u!114 &2901950776423381148
MonoBehaviour:
  m_ObjectHideFlags: 0
  m_CorrespondingSourceObject: {fileID: 0}
  m_PrefabInstance: {fileID: 0}
  m_PrefabAsset: {fileID: 0}
  m_GameObject: {fileID: 2901950776423381150}
  m_Enabled: 1
  m_EditorHideFlags: 0
  m_Script: {fileID: 11500000, guid: 5f7201a12d95ffc409449d95f23cf332, type: 3}
  m_Name: 
  m_EditorClassIdentifier: 
  m_Material: {fileID: 0}
  m_Color: {r: 0, g: 1, b: 0, a: 1}
  m_RaycastTarget: 1
  m_OnCullStateChanged:
    m_PersistentCalls:
      m_Calls: []
  m_FontData:
    m_Font: {fileID: 12800000, guid: 7e89e80fce8fc06478c726f2f3de7863, type: 3}
    m_FontSize: 226
    m_FontStyle: 0
    m_BestFit: 0
    m_MinSize: 0
    m_MaxSize: 300
    m_Alignment: 4
    m_AlignByGeometry: 0
    m_RichText: 1
    m_HorizontalOverflow: 0
    m_VerticalOverflow: 0
    m_LineSpacing: 1
  m_Text: 0
--- !u!1 &2901950776550227430
GameObject:
  m_ObjectHideFlags: 0
  m_CorrespondingSourceObject: {fileID: 0}
  m_PrefabInstance: {fileID: 0}
  m_PrefabAsset: {fileID: 0}
  serializedVersion: 6
  m_Component:
  - component: {fileID: 2901950776550227431}
  - component: {fileID: 2901950776550227435}
  - component: {fileID: 2901950776550227434}
  - component: {fileID: 2901950776550227429}
  - component: {fileID: 2901950776550227428}
  m_Layer: 5
  m_Name: Display Back
  m_TagString: Untagged
  m_Icon: {fileID: 0}
  m_NavMeshLayer: 0
  m_StaticEditorFlags: 0
  m_IsActive: 1
--- !u!224 &2901950776550227431
RectTransform:
  m_ObjectHideFlags: 0
  m_CorrespondingSourceObject: {fileID: 0}
  m_PrefabInstance: {fileID: 0}
  m_PrefabAsset: {fileID: 0}
  m_GameObject: {fileID: 2901950776550227430}
  m_LocalRotation: {x: -0.06508093, y: 0, z: 0, w: 0.99788004}
  m_LocalPosition: {x: 0, y: 0, z: 1.23}
  m_LocalScale: {x: 0.0016000022, y: 0.0018914362, z: 0.0018914498}
  m_Children:
  - {fileID: 2901950777586127021}
  m_Father: {fileID: 2510295983971077900}
  m_RootOrder: 2
  m_LocalEulerAnglesHint: {x: -7.4630003, y: 0, z: 0}
  m_AnchorMin: {x: 0, y: 0}
  m_AnchorMax: {x: 0, y: 0}
  m_AnchoredPosition: {x: 0, y: 2.617}
  m_SizeDelta: {x: 500, y: 198.4}
  m_Pivot: {x: 0.5, y: 0.5}
--- !u!223 &2901950776550227435
Canvas:
  m_ObjectHideFlags: 0
  m_CorrespondingSourceObject: {fileID: 0}
  m_PrefabInstance: {fileID: 0}
  m_PrefabAsset: {fileID: 0}
  m_GameObject: {fileID: 2901950776550227430}
  m_Enabled: 1
  serializedVersion: 3
  m_RenderMode: 2
  m_Camera: {fileID: 0}
  m_PlaneDistance: 100
  m_PixelPerfect: 0
  m_ReceivesEvents: 1
  m_OverrideSorting: 0
  m_OverridePixelPerfect: 0
  m_SortingBucketNormalizedSize: 0
  m_AdditionalShaderChannelsFlag: 0
  m_SortingLayerID: 0
  m_SortingOrder: 0
  m_TargetDisplay: 0
--- !u!114 &2901950776550227434
MonoBehaviour:
  m_ObjectHideFlags: 0
  m_CorrespondingSourceObject: {fileID: 0}
  m_PrefabInstance: {fileID: 0}
  m_PrefabAsset: {fileID: 0}
  m_GameObject: {fileID: 2901950776550227430}
  m_Enabled: 1
  m_EditorHideFlags: 0
  m_Script: {fileID: 11500000, guid: 0cd44c1031e13a943bb63640046fad76, type: 3}
  m_Name: 
  m_EditorClassIdentifier: 
  m_UiScaleMode: 0
  m_ReferencePixelsPerUnit: 100
  m_ScaleFactor: 1
  m_ReferenceResolution: {x: 800, y: 600}
  m_ScreenMatchMode: 0
  m_MatchWidthOrHeight: 0
  m_PhysicalUnit: 3
  m_FallbackScreenDPI: 96
  m_DefaultSpriteDPI: 96
  m_DynamicPixelsPerUnit: 1
--- !u!114 &2901950776550227429
MonoBehaviour:
  m_ObjectHideFlags: 0
  m_CorrespondingSourceObject: {fileID: 0}
  m_PrefabInstance: {fileID: 0}
  m_PrefabAsset: {fileID: 0}
  m_GameObject: {fileID: 2901950776550227430}
  m_Enabled: 1
  m_EditorHideFlags: 0
  m_Script: {fileID: 11500000, guid: dc42784cf147c0c48a680349fa168899, type: 3}
  m_Name: 
  m_EditorClassIdentifier: 
  m_IgnoreReversedGraphics: 1
  m_BlockingObjects: 0
  m_BlockingMask:
    serializedVersion: 2
    m_Bits: 4294967295
--- !u!114 &2901950776550227428
MonoBehaviour:
  m_ObjectHideFlags: 0
  m_CorrespondingSourceObject: {fileID: 0}
  m_PrefabInstance: {fileID: 0}
  m_PrefabAsset: {fileID: 0}
  m_GameObject: {fileID: 2901950776550227430}
  m_Enabled: 1
  m_EditorHideFlags: 0
  m_Script: {fileID: 11500000, guid: 7f69f64e53d6f8547b5b8637229bafc0, type: 3}
  m_Name: 
  m_EditorClassIdentifier: 
  showTimer: 1
  showStatus: 0
  playerNumber: 0
--- !u!1 &2901950776584214316
GameObject:
  m_ObjectHideFlags: 0
  m_CorrespondingSourceObject: {fileID: 0}
  m_PrefabInstance: {fileID: 0}
  m_PrefabAsset: {fileID: 0}
  serializedVersion: 6
  m_Component:
  - component: {fileID: 2901950776584214317}
  - component: {fileID: 2901950776584214323}
  - component: {fileID: 2901950776584214322}
  m_Layer: 5
  m_Name: Status
  m_TagString: Untagged
  m_Icon: {fileID: 0}
  m_NavMeshLayer: 0
  m_StaticEditorFlags: 0
  m_IsActive: 0
--- !u!224 &2901950776584214317
RectTransform:
  m_ObjectHideFlags: 0
  m_CorrespondingSourceObject: {fileID: 0}
  m_PrefabInstance: {fileID: 0}
  m_PrefabAsset: {fileID: 0}
  m_GameObject: {fileID: 2901950776584214316}
  m_LocalRotation: {x: -0, y: -0.0000003874301, z: -0, w: 1}
  m_LocalPosition: {x: 0, y: 0, z: -0.0022920715}
  m_LocalScale: {x: 1, y: 1, z: 1}
  m_Children: []
  m_Father: {fileID: 2901950777238869327}
  m_RootOrder: 3
  m_LocalEulerAnglesHint: {x: 0, y: 0, z: 0}
  m_AnchorMin: {x: 0.5, y: 0.5}
  m_AnchorMax: {x: 0.5, y: 0.5}
  m_AnchoredPosition: {x: 0.008099012, y: 0.00002513374}
  m_SizeDelta: {x: 200, y: 247.5}
  m_Pivot: {x: 0.5, y: 0.5}
--- !u!222 &2901950776584214323
CanvasRenderer:
  m_ObjectHideFlags: 0
  m_CorrespondingSourceObject: {fileID: 0}
  m_PrefabInstance: {fileID: 0}
  m_PrefabAsset: {fileID: 0}
  m_GameObject: {fileID: 2901950776584214316}
  m_CullTransparentMesh: 0
--- !u!114 &2901950776584214322
MonoBehaviour:
  m_ObjectHideFlags: 0
  m_CorrespondingSourceObject: {fileID: 0}
  m_PrefabInstance: {fileID: 0}
  m_PrefabAsset: {fileID: 0}
  m_GameObject: {fileID: 2901950776584214316}
  m_Enabled: 1
  m_EditorHideFlags: 0
  m_Script: {fileID: 11500000, guid: fe87c0e1cc204ed48ad3b37840f39efc, type: 3}
  m_Name: 
  m_EditorClassIdentifier: 
  m_Material: {fileID: 0}
  m_Color: {r: 1, g: 1, b: 1, a: 1}
  m_RaycastTarget: 1
  m_OnCullStateChanged:
    m_PersistentCalls:
      m_Calls: []
  m_Sprite: {fileID: 21300000, guid: 6baff21975f1e7a41ba60e8bc6f1bf0c, type: 3}
  m_Type: 0
  m_PreserveAspect: 0
  m_FillCenter: 1
  m_FillMethod: 4
  m_FillAmount: 1
  m_FillClockwise: 1
  m_FillOrigin: 0
  m_UseSpriteMesh: 0
  m_PixelsPerUnitMultiplier: 1
--- !u!1 &2901950776787951305
GameObject:
  m_ObjectHideFlags: 0
  m_CorrespondingSourceObject: {fileID: 0}
  m_PrefabInstance: {fileID: 0}
  m_PrefabAsset: {fileID: 0}
  serializedVersion: 6
  m_Component:
  - component: {fileID: 2901950776787951310}
  m_Layer: 0
  m_Name: Winner Player_3
  m_TagString: Untagged
  m_Icon: {fileID: 0}
  m_NavMeshLayer: 0
  m_StaticEditorFlags: 0
  m_IsActive: 1
--- !u!4 &2901950776787951310
Transform:
  m_ObjectHideFlags: 0
  m_CorrespondingSourceObject: {fileID: 0}
  m_PrefabInstance: {fileID: 0}
  m_PrefabAsset: {fileID: 0}
  m_GameObject: {fileID: 2901950776787951305}
  m_LocalRotation: {x: 0, y: -0.7071068, z: 0, w: 0.7071068}
  m_LocalPosition: {x: 0, y: -1, z: -1.5}
  m_LocalScale: {x: 1, y: 1, z: 1}
  m_Children: []
  m_Father: {fileID: 956131299013879058}
  m_RootOrder: 1
  m_LocalEulerAnglesHint: {x: 0, y: -90, z: 0}
--- !u!1 &2901950776878549423
GameObject:
  m_ObjectHideFlags: 0
  m_CorrespondingSourceObject: {fileID: 0}
  m_PrefabInstance: {fileID: 0}
  m_PrefabAsset: {fileID: 0}
  serializedVersion: 6
  m_Component:
  - component: {fileID: 2901950776878549420}
  m_Layer: 0
  m_Name: Spawner Player_3
  m_TagString: Untagged
  m_Icon: {fileID: 0}
  m_NavMeshLayer: 0
  m_StaticEditorFlags: 0
  m_IsActive: 1
--- !u!4 &2901950776878549420
Transform:
  m_ObjectHideFlags: 0
  m_CorrespondingSourceObject: {fileID: 0}
  m_PrefabInstance: {fileID: 0}
  m_PrefabAsset: {fileID: 0}
  m_GameObject: {fileID: 2901950776878549423}
  m_LocalRotation: {x: -0, y: -0, z: -0, w: 1}
  m_LocalPosition: {x: 0.83, y: 0.19999999, z: -0.472}
  m_LocalScale: {x: 1, y: 1, z: 1}
  m_Children: []
  m_Father: {fileID: 956131299013879058}
  m_RootOrder: 2
  m_LocalEulerAnglesHint: {x: 0, y: 0, z: 0}
--- !u!1 &2901950776901455768
GameObject:
  m_ObjectHideFlags: 0
  m_CorrespondingSourceObject: {fileID: 0}
  m_PrefabInstance: {fileID: 0}
  m_PrefabAsset: {fileID: 0}
  serializedVersion: 6
  m_Component:
  - component: {fileID: 2901950776901455769}
  m_Layer: 0
  m_Name: CameraRig Player_3
  m_TagString: Untagged
  m_Icon: {fileID: 0}
  m_NavMeshLayer: 0
  m_StaticEditorFlags: 0
  m_IsActive: 1
--- !u!4 &2901950776901455769
Transform:
  m_ObjectHideFlags: 0
  m_CorrespondingSourceObject: {fileID: 0}
  m_PrefabInstance: {fileID: 0}
  m_PrefabAsset: {fileID: 0}
  m_GameObject: {fileID: 2901950776901455768}
  m_LocalRotation: {x: -0, y: -0, z: -0, w: 1}
  m_LocalPosition: {x: 0, y: 0.100000024, z: -0.5}
  m_LocalScale: {x: 1, y: 1, z: 1}
  m_Children: []
  m_Father: {fileID: 956131299013879058}
  m_RootOrder: 0
  m_LocalEulerAnglesHint: {x: 0, y: 0, z: 0}
--- !u!1 &2901950777238869326
GameObject:
  m_ObjectHideFlags: 0
  m_CorrespondingSourceObject: {fileID: 0}
  m_PrefabInstance: {fileID: 0}
  m_PrefabAsset: {fileID: 0}
  serializedVersion: 6
  m_Component:
  - component: {fileID: 2901950777238869327}
  - component: {fileID: 2901950777238869331}
  - component: {fileID: 2901950777238869330}
  - component: {fileID: 2901950777238869325}
  - component: {fileID: 2901950777238869324}
  m_Layer: 5
  m_Name: Display Front
  m_TagString: Untagged
  m_Icon: {fileID: 0}
  m_NavMeshLayer: 0
  m_StaticEditorFlags: 0
  m_IsActive: 1
--- !u!224 &2901950777238869327
RectTransform:
  m_ObjectHideFlags: 0
  m_CorrespondingSourceObject: {fileID: 0}
  m_PrefabInstance: {fileID: 0}
  m_PrefabAsset: {fileID: 0}
  m_GameObject: {fileID: 2901950777238869326}
  m_LocalRotation: {x: -0, y: -1, z: -0, w: 0.000004380941}
  m_LocalPosition: {x: 0, y: 0, z: 0.38695574}
  m_LocalScale: {x: 0.0016000015, y: 0.0011579044, z: 0.0033542267}
  m_Children:
  - {fileID: 2901950776423381151}
  - {fileID: 1778817281898370982}
  - {fileID: 254704098089722892}
  - {fileID: 2901950776584214317}
  m_Father: {fileID: 2510295983971077900}
  m_RootOrder: 1
  m_LocalEulerAnglesHint: {x: 0, y: 90, z: 0}
  m_AnchorMin: {x: 0, y: 0}
  m_AnchorMax: {x: 0, y: 0}
  m_AnchoredPosition: {x: 0, y: 0.5}
  m_SizeDelta: {x: 500, y: 250}
  m_Pivot: {x: 0.5, y: 0.5}
--- !u!223 &2901950777238869331
Canvas:
  m_ObjectHideFlags: 0
  m_CorrespondingSourceObject: {fileID: 0}
  m_PrefabInstance: {fileID: 0}
  m_PrefabAsset: {fileID: 0}
  m_GameObject: {fileID: 2901950777238869326}
  m_Enabled: 1
  serializedVersion: 3
  m_RenderMode: 2
  m_Camera: {fileID: 0}
  m_PlaneDistance: 100
  m_PixelPerfect: 0
  m_ReceivesEvents: 1
  m_OverrideSorting: 0
  m_OverridePixelPerfect: 0
  m_SortingBucketNormalizedSize: 0
  m_AdditionalShaderChannelsFlag: 0
  m_SortingLayerID: 0
  m_SortingOrder: 0
  m_TargetDisplay: 0
--- !u!114 &2901950777238869330
MonoBehaviour:
  m_ObjectHideFlags: 0
  m_CorrespondingSourceObject: {fileID: 0}
  m_PrefabInstance: {fileID: 0}
  m_PrefabAsset: {fileID: 0}
  m_GameObject: {fileID: 2901950777238869326}
  m_Enabled: 1
  m_EditorHideFlags: 0
  m_Script: {fileID: 11500000, guid: 0cd44c1031e13a943bb63640046fad76, type: 3}
  m_Name: 
  m_EditorClassIdentifier: 
  m_UiScaleMode: 0
  m_ReferencePixelsPerUnit: 100
  m_ScaleFactor: 1
  m_ReferenceResolution: {x: 800, y: 600}
  m_ScreenMatchMode: 0
  m_MatchWidthOrHeight: 0
  m_PhysicalUnit: 3
  m_FallbackScreenDPI: 96
  m_DefaultSpriteDPI: 96
  m_DynamicPixelsPerUnit: 1
--- !u!114 &2901950777238869325
MonoBehaviour:
  m_ObjectHideFlags: 0
  m_CorrespondingSourceObject: {fileID: 0}
  m_PrefabInstance: {fileID: 0}
  m_PrefabAsset: {fileID: 0}
  m_GameObject: {fileID: 2901950777238869326}
  m_Enabled: 1
  m_EditorHideFlags: 0
  m_Script: {fileID: 11500000, guid: dc42784cf147c0c48a680349fa168899, type: 3}
  m_Name: 
  m_EditorClassIdentifier: 
  m_IgnoreReversedGraphics: 1
  m_BlockingObjects: 0
  m_BlockingMask:
    serializedVersion: 2
    m_Bits: 4294967295
--- !u!114 &2901950777238869324
MonoBehaviour:
  m_ObjectHideFlags: 0
  m_CorrespondingSourceObject: {fileID: 0}
  m_PrefabInstance: {fileID: 0}
  m_PrefabAsset: {fileID: 0}
  m_GameObject: {fileID: 2901950777238869326}
  m_Enabled: 1
  m_EditorHideFlags: 0
  m_Script: {fileID: 11500000, guid: 7f69f64e53d6f8547b5b8637229bafc0, type: 3}
  m_Name: 
  m_EditorClassIdentifier: 
  showTimer: 0
  showStatus: 1
  playerNumber: 3
--- !u!1 &2901950777479941330
GameObject:
  m_ObjectHideFlags: 0
  m_CorrespondingSourceObject: {fileID: 0}
  m_PrefabInstance: {fileID: 0}
  m_PrefabAsset: {fileID: 0}
  serializedVersion: 6
  m_Component:
  - component: {fileID: 2901950777479941331}
  - component: {fileID: 2901950777479941334}
  - component: {fileID: 2901950777479941329}
  - component: {fileID: 2901950777479941328}
  m_Layer: 0
  m_Name: Table Player_3
  m_TagString: Untagged
  m_Icon: {fileID: 0}
  m_NavMeshLayer: 0
  m_StaticEditorFlags: 0
  m_IsActive: 1
--- !u!4 &2901950777479941331
Transform:
  m_ObjectHideFlags: 0
  m_CorrespondingSourceObject: {fileID: 0}
  m_PrefabInstance: {fileID: 0}
  m_PrefabAsset: {fileID: 0}
  m_GameObject: {fileID: 2901950777479941330}
  m_LocalRotation: {x: -0, y: -0.7071099, z: -0, w: -0.7071037}
  m_LocalPosition: {x: 0, y: 0.17699999, z: 0.019}
  m_LocalScale: {x: 0.5403915, y: 0.35435998, z: 1.009912}
  m_Children: []
  m_Father: {fileID: 2510295983971077900}
  m_RootOrder: 3
  m_LocalEulerAnglesHint: {x: 0, y: -269.999, z: 0}
--- !u!33 &2901950777479941334
MeshFilter:
  m_ObjectHideFlags: 0
  m_CorrespondingSourceObject: {fileID: 0}
  m_PrefabInstance: {fileID: 0}
  m_PrefabAsset: {fileID: 0}
  m_GameObject: {fileID: 2901950777479941330}
  m_Mesh: {fileID: 10202, guid: 0000000000000000e000000000000000, type: 0}
--- !u!65 &2901950777479941329
BoxCollider:
  m_ObjectHideFlags: 0
  m_CorrespondingSourceObject: {fileID: 0}
  m_PrefabInstance: {fileID: 0}
  m_PrefabAsset: {fileID: 0}
  m_GameObject: {fileID: 2901950777479941330}
  m_Material: {fileID: 0}
  m_IsTrigger: 0
  m_Enabled: 1
  serializedVersion: 2
  m_Size: {x: 1, y: 1, z: 1}
  m_Center: {x: 0, y: 0, z: 0}
--- !u!23 &2901950777479941328
MeshRenderer:
  m_ObjectHideFlags: 0
  m_CorrespondingSourceObject: {fileID: 0}
  m_PrefabInstance: {fileID: 0}
  m_PrefabAsset: {fileID: 0}
  m_GameObject: {fileID: 2901950777479941330}
  m_Enabled: 0
  m_CastShadows: 1
  m_ReceiveShadows: 1
  m_DynamicOccludee: 1
  m_MotionVectors: 1
  m_LightProbeUsage: 1
  m_ReflectionProbeUsage: 1
  m_RayTracingMode: 2
  m_RenderingLayerMask: 1
  m_RendererPriority: 0
  m_Materials:
  - {fileID: 2100000, guid: a945b0df924ebda408d031f30ee6f5fa, type: 2}
  m_StaticBatchInfo:
    firstSubMesh: 0
    subMeshCount: 0
  m_StaticBatchRoot: {fileID: 0}
  m_ProbeAnchor: {fileID: 0}
  m_LightProbeVolumeOverride: {fileID: 0}
  m_ScaleInLightmap: 1
  m_ReceiveGI: 1
  m_PreserveUVs: 1
  m_IgnoreNormalsForChartDetection: 0
  m_ImportantGI: 0
  m_StitchLightmapSeams: 0
  m_SelectedEditorRenderState: 3
  m_MinimumChartSize: 4
  m_AutoUVMaxDistance: 0.5
  m_AutoUVMaxAngle: 89
  m_LightmapParameters: {fileID: 0}
  m_SortingLayerID: 0
  m_SortingLayer: 0
  m_SortingOrder: 0
--- !u!1 &2901950777586127020
GameObject:
  m_ObjectHideFlags: 0
  m_CorrespondingSourceObject: {fileID: 0}
  m_PrefabInstance: {fileID: 0}
  m_PrefabAsset: {fileID: 0}
  serializedVersion: 6
  m_Component:
  - component: {fileID: 2901950777586127021}
  - component: {fileID: 2901950777586127027}
  - component: {fileID: 2901950777586127026}
  m_Layer: 5
  m_Name: Timer
  m_TagString: Untagged
  m_Icon: {fileID: 0}
  m_NavMeshLayer: 0
  m_StaticEditorFlags: 0
  m_IsActive: 1
--- !u!224 &2901950777586127021
RectTransform:
  m_ObjectHideFlags: 0
  m_CorrespondingSourceObject: {fileID: 0}
  m_PrefabInstance: {fileID: 0}
  m_PrefabAsset: {fileID: 0}
  m_GameObject: {fileID: 2901950777586127020}
  m_LocalRotation: {x: -0, y: -0, z: -0, w: 1}
  m_LocalPosition: {x: 0, y: 0, z: 0}
  m_LocalScale: {x: 0.9999988, y: 1.0864413, z: 1.0864414}
  m_Children: []
  m_Father: {fileID: 2901950776550227431}
  m_RootOrder: 0
  m_LocalEulerAnglesHint: {x: 0, y: 0, z: 0}
  m_AnchorMin: {x: 0.5, y: 0.5}
  m_AnchorMax: {x: 0.5, y: 0.5}
  m_AnchoredPosition: {x: 0, y: 0}
  m_SizeDelta: {x: 500, y: 300}
  m_Pivot: {x: 0.5, y: 0.5}
--- !u!222 &2901950777586127027
CanvasRenderer:
  m_ObjectHideFlags: 0
  m_CorrespondingSourceObject: {fileID: 0}
  m_PrefabInstance: {fileID: 0}
  m_PrefabAsset: {fileID: 0}
  m_GameObject: {fileID: 2901950777586127020}
  m_CullTransparentMesh: 0
--- !u!114 &2901950777586127026
MonoBehaviour:
  m_ObjectHideFlags: 0
  m_CorrespondingSourceObject: {fileID: 0}
  m_PrefabInstance: {fileID: 0}
  m_PrefabAsset: {fileID: 0}
  m_GameObject: {fileID: 2901950777586127020}
  m_Enabled: 1
  m_EditorHideFlags: 0
  m_Script: {fileID: 11500000, guid: 5f7201a12d95ffc409449d95f23cf332, type: 3}
  m_Name: 
  m_EditorClassIdentifier: 
  m_Material: {fileID: 0}
  m_Color: {r: 1, g: 1, b: 1, a: 1}
  m_RaycastTarget: 1
  m_OnCullStateChanged:
    m_PersistentCalls:
      m_Calls: []
  m_FontData:
    m_Font: {fileID: 12800000, guid: 7e89e80fce8fc06478c726f2f3de7863, type: 3}
    m_FontSize: 200
    m_FontStyle: 0
    m_BestFit: 0
    m_MinSize: 0
    m_MaxSize: 300
    m_Alignment: 4
    m_AlignByGeometry: 0
    m_RichText: 1
    m_HorizontalOverflow: 0
    m_VerticalOverflow: 0
    m_LineSpacing: 1
  m_Text: 0
--- !u!1 &4990859495042550388
GameObject:
  m_ObjectHideFlags: 0
  m_CorrespondingSourceObject: {fileID: 0}
  m_PrefabInstance: {fileID: 0}
  m_PrefabAsset: {fileID: 0}
  serializedVersion: 6
  m_Component:
  - component: {fileID: 956131299013879058}
  m_Layer: 0
  m_Name: Positions
  m_TagString: Untagged
  m_Icon: {fileID: 0}
  m_NavMeshLayer: 0
  m_StaticEditorFlags: 0
  m_IsActive: 1
--- !u!4 &956131299013879058
Transform:
  m_ObjectHideFlags: 0
  m_CorrespondingSourceObject: {fileID: 0}
  m_PrefabInstance: {fileID: 0}
  m_PrefabAsset: {fileID: 0}
  m_GameObject: {fileID: 4990859495042550388}
  m_LocalRotation: {x: 0, y: 0, z: 0, w: 1}
  m_LocalPosition: {x: 0, y: 0, z: 0}
  m_LocalScale: {x: 1, y: 1, z: 1}
  m_Children:
  - {fileID: 2901950776901455769}
  - {fileID: 2901950776787951310}
  - {fileID: 2901950776878549420}
  m_Father: {fileID: 2510295983971077900}
  m_RootOrder: 0
  m_LocalEulerAnglesHint: {x: 0, y: 0, z: 0}
--- !u!1 &5546074502583878780
GameObject:
  m_ObjectHideFlags: 0
  m_CorrespondingSourceObject: {fileID: 0}
  m_PrefabInstance: {fileID: 0}
  m_PrefabAsset: {fileID: 0}
  serializedVersion: 6
  m_Component:
  - component: {fileID: 2510295983971077900}
  - component: {fileID: 6035626420991078117}
  m_Layer: 0
  m_Name: Setup Player_3
  m_TagString: Untagged
  m_Icon: {fileID: 0}
  m_NavMeshLayer: 0
  m_StaticEditorFlags: 0
  m_IsActive: 1
--- !u!4 &2510295983971077900
Transform:
  m_ObjectHideFlags: 0
  m_CorrespondingSourceObject: {fileID: 0}
  m_PrefabInstance: {fileID: 0}
  m_PrefabAsset: {fileID: 0}
  m_GameObject: {fileID: 5546074502583878780}
  m_LocalRotation: {x: 0, y: 0, z: 0, w: 1}
  m_LocalPosition: {x: 0, y: 0.5, z: 0}
  m_LocalScale: {x: 1, y: 1, z: 1}
  m_Children:
  - {fileID: 956131299013879058}
  - {fileID: 2901950777238869327}
  - {fileID: 2901950776550227431}
  - {fileID: 2901950777479941331}
  - {fileID: 5720387376797780448}
  - {fileID: 6268964350150575563}
  - {fileID: 6511959189022722291}
  m_Father: {fileID: 0}
  m_RootOrder: 0
  m_LocalEulerAnglesHint: {x: 0, y: 0, z: 0}
--- !u!114 &6035626420991078117
MonoBehaviour:
  m_ObjectHideFlags: 0
  m_CorrespondingSourceObject: {fileID: 0}
  m_PrefabInstance: {fileID: 0}
  m_PrefabAsset: {fileID: 0}
  m_GameObject: {fileID: 5546074502583878780}
  m_Enabled: 1
  m_EditorHideFlags: 0
  m_Script: {fileID: 11500000, guid: c00b7830c8cb29d428bd079181ad103c, type: 3}
  m_Name: 
  m_EditorClassIdentifier: 
  _playerNumber: 3
--- !u!1001 &512195635757907345
PrefabInstance:
  m_ObjectHideFlags: 0
  serializedVersion: 2
  m_Modification:
    m_TransformParent: {fileID: 2510295983971077900}
    m_Modifications:
    - target: {fileID: 5218700086712310373, guid: 1bcef5403f5b7ca46946c5de93ebd5d2,
        type: 3}
      propertyPath: m_Name
      value: LeadingStatus Player_3
      objectReference: {fileID: 0}
    - target: {fileID: 5218951153424012833, guid: 1bcef5403f5b7ca46946c5de93ebd5d2,
        type: 3}
      propertyPath: m_IsActive
      value: 0
      objectReference: {fileID: 0}
    - target: {fileID: 5222285736764765297, guid: 1bcef5403f5b7ca46946c5de93ebd5d2,
        type: 3}
      propertyPath: m_LocalPosition.x
      value: 0
      objectReference: {fileID: 0}
    - target: {fileID: 5222285736764765297, guid: 1bcef5403f5b7ca46946c5de93ebd5d2,
        type: 3}
      propertyPath: m_LocalPosition.y
      value: -0.042
      objectReference: {fileID: 0}
    - target: {fileID: 5222285736764765297, guid: 1bcef5403f5b7ca46946c5de93ebd5d2,
        type: 3}
      propertyPath: m_LocalPosition.z
      value: -0.23
      objectReference: {fileID: 0}
    - target: {fileID: 5222285736764765297, guid: 1bcef5403f5b7ca46946c5de93ebd5d2,
        type: 3}
      propertyPath: m_LocalRotation.x
      value: -0
      objectReference: {fileID: 0}
    - target: {fileID: 5222285736764765297, guid: 1bcef5403f5b7ca46946c5de93ebd5d2,
        type: 3}
      propertyPath: m_LocalRotation.y
      value: -0
      objectReference: {fileID: 0}
    - target: {fileID: 5222285736764765297, guid: 1bcef5403f5b7ca46946c5de93ebd5d2,
        type: 3}
      propertyPath: m_LocalRotation.z
      value: -0
      objectReference: {fileID: 0}
    - target: {fileID: 5222285736764765297, guid: 1bcef5403f5b7ca46946c5de93ebd5d2,
        type: 3}
      propertyPath: m_LocalRotation.w
      value: 1
      objectReference: {fileID: 0}
    - target: {fileID: 5222285736764765297, guid: 1bcef5403f5b7ca46946c5de93ebd5d2,
        type: 3}
      propertyPath: m_RootOrder
      value: 4
      objectReference: {fileID: 0}
    - target: {fileID: 5222285736764765297, guid: 1bcef5403f5b7ca46946c5de93ebd5d2,
        type: 3}
      propertyPath: m_LocalEulerAnglesHint.x
      value: 0
      objectReference: {fileID: 0}
    - target: {fileID: 5222285736764765297, guid: 1bcef5403f5b7ca46946c5de93ebd5d2,
        type: 3}
      propertyPath: m_LocalEulerAnglesHint.y
      value: 0
      objectReference: {fileID: 0}
    - target: {fileID: 5222285736764765297, guid: 1bcef5403f5b7ca46946c5de93ebd5d2,
        type: 3}
      propertyPath: m_LocalEulerAnglesHint.z
      value: 0
      objectReference: {fileID: 0}
    - target: {fileID: 7139252174994442493, guid: 1bcef5403f5b7ca46946c5de93ebd5d2,
        type: 3}
      propertyPath: viewIdField
      value: 0
      objectReference: {fileID: 0}
    - target: {fileID: 7139252174994442493, guid: 1bcef5403f5b7ca46946c5de93ebd5d2,
        type: 3}
      propertyPath: instantiationId
      value: -1
      objectReference: {fileID: 0}
    m_RemovedComponents: []
  m_SourcePrefab: {fileID: 100100000, guid: 1bcef5403f5b7ca46946c5de93ebd5d2, type: 3}
--- !u!4 &5720387376797780448 stripped
Transform:
  m_CorrespondingSourceObject: {fileID: 5222285736764765297, guid: 1bcef5403f5b7ca46946c5de93ebd5d2,
    type: 3}
  m_PrefabInstance: {fileID: 512195635757907345}
  m_PrefabAsset: {fileID: 0}
--- !u!1001 &663142652812074555
PrefabInstance:
  m_ObjectHideFlags: 0
  serializedVersion: 2
  m_Modification:
    m_TransformParent: {fileID: 2901950777238869327}
    m_Modifications:
    - target: {fileID: 149513598129756544, guid: 3b15af7bc75b26543bf374dd0e2601bf,
        type: 3}
      propertyPath: m_Materials.Array.data[0]
      value: 
      objectReference: {fileID: 2100000, guid: 90420e60f255c464d9bc3067d1904263, type: 2}
    - target: {fileID: 1268981958246320541, guid: 3b15af7bc75b26543bf374dd0e2601bf,
        type: 3}
      propertyPath: m_LocalPosition.x
      value: 0
      objectReference: {fileID: 0}
    - target: {fileID: 1268981958246320541, guid: 3b15af7bc75b26543bf374dd0e2601bf,
        type: 3}
      propertyPath: m_LocalPosition.y
      value: 0
      objectReference: {fileID: 0}
    - target: {fileID: 1268981958246320541, guid: 3b15af7bc75b26543bf374dd0e2601bf,
        type: 3}
      propertyPath: m_LocalPosition.z
      value: 0
      objectReference: {fileID: 0}
    - target: {fileID: 1268981958246320541, guid: 3b15af7bc75b26543bf374dd0e2601bf,
        type: 3}
      propertyPath: m_LocalRotation.x
      value: 0
      objectReference: {fileID: 0}
    - target: {fileID: 1268981958246320541, guid: 3b15af7bc75b26543bf374dd0e2601bf,
        type: 3}
      propertyPath: m_LocalRotation.y
      value: 1
      objectReference: {fileID: 0}
    - target: {fileID: 1268981958246320541, guid: 3b15af7bc75b26543bf374dd0e2601bf,
        type: 3}
      propertyPath: m_LocalRotation.z
      value: 0
      objectReference: {fileID: 0}
    - target: {fileID: 1268981958246320541, guid: 3b15af7bc75b26543bf374dd0e2601bf,
        type: 3}
      propertyPath: m_LocalRotation.w
      value: 0
      objectReference: {fileID: 0}
    - target: {fileID: 1268981958246320541, guid: 3b15af7bc75b26543bf374dd0e2601bf,
        type: 3}
      propertyPath: m_RootOrder
      value: 1
      objectReference: {fileID: 0}
    - target: {fileID: 1268981958246320541, guid: 3b15af7bc75b26543bf374dd0e2601bf,
        type: 3}
      propertyPath: m_LocalEulerAnglesHint.x
      value: 0
      objectReference: {fileID: 0}
    - target: {fileID: 1268981958246320541, guid: 3b15af7bc75b26543bf374dd0e2601bf,
        type: 3}
      propertyPath: m_LocalEulerAnglesHint.y
      value: 180
      objectReference: {fileID: 0}
    - target: {fileID: 1268981958246320541, guid: 3b15af7bc75b26543bf374dd0e2601bf,
        type: 3}
      propertyPath: m_LocalEulerAnglesHint.z
      value: 0
      objectReference: {fileID: 0}
    - target: {fileID: 1268981958246320541, guid: 3b15af7bc75b26543bf374dd0e2601bf,
        type: 3}
      propertyPath: m_LocalScale.x
      value: 17623.475
      objectReference: {fileID: 0}
    - target: {fileID: 1268981958246320541, guid: 3b15af7bc75b26543bf374dd0e2601bf,
        type: 3}
      propertyPath: m_LocalScale.y
      value: 25834.959
      objectReference: {fileID: 0}
    - target: {fileID: 1268981958246320541, guid: 3b15af7bc75b26543bf374dd0e2601bf,
        type: 3}
      propertyPath: m_LocalScale.z
      value: 61043.277
      objectReference: {fileID: 0}
    - target: {fileID: 7377460439911576151, guid: 3b15af7bc75b26543bf374dd0e2601bf,
        type: 3}
      propertyPath: m_Name
      value: Yes
      objectReference: {fileID: 0}
    m_RemovedComponents: []
  m_SourcePrefab: {fileID: 100100000, guid: 3b15af7bc75b26543bf374dd0e2601bf, type: 3}
--- !u!4 &1778817281898370982 stripped
Transform:
  m_CorrespondingSourceObject: {fileID: 1268981958246320541, guid: 3b15af7bc75b26543bf374dd0e2601bf,
    type: 3}
  m_PrefabInstance: {fileID: 663142652812074555}
  m_PrefabAsset: {fileID: 0}
--- !u!1001 &6507955083332687475
PrefabInstance:
  m_ObjectHideFlags: 0
  serializedVersion: 2
  m_Modification:
    m_TransformParent: {fileID: 2510295983971077900}
    m_Modifications:
    - target: {fileID: 4440702007402112, guid: af619ca8492dbd145b6115c73d8f5b50, type: 3}
      propertyPath: m_LocalPosition.y
      value: 0.203
      objectReference: {fileID: 0}
    - target: {fileID: 4440702007402112, guid: af619ca8492dbd145b6115c73d8f5b50, type: 3}
      propertyPath: m_LocalPosition.z
      value: -0.439
      objectReference: {fileID: 0}
    - target: {fileID: 4440702007402112, guid: af619ca8492dbd145b6115c73d8f5b50, type: 3}
      propertyPath: m_LocalScale.x
      value: 0.0027400027
      objectReference: {fileID: 0}
    - target: {fileID: 4440702007402112, guid: af619ca8492dbd145b6115c73d8f5b50, type: 3}
      propertyPath: m_LocalScale.y
      value: 0.0027400008
      objectReference: {fileID: 0}
    - target: {fileID: 4440702007402112, guid: af619ca8492dbd145b6115c73d8f5b50, type: 3}
      propertyPath: m_LocalScale.z
      value: 0.0027400008
      objectReference: {fileID: 0}
    - target: {fileID: 4440702007402112, guid: af619ca8492dbd145b6115c73d8f5b50, type: 3}
      propertyPath: m_RootOrder
      value: 6
      objectReference: {fileID: 0}
    - target: {fileID: 4440702007402112, guid: af619ca8492dbd145b6115c73d8f5b50, type: 3}
      propertyPath: m_LocalRotation.x
      value: -0.0000020862688
      objectReference: {fileID: 0}
    - target: {fileID: 4440702007402112, guid: af619ca8492dbd145b6115c73d8f5b50, type: 3}
      propertyPath: m_LocalRotation.y
      value: -0.7071068
      objectReference: {fileID: 0}
    - target: {fileID: 4440702007402112, guid: af619ca8492dbd145b6115c73d8f5b50, type: 3}
      propertyPath: m_LocalRotation.z
      value: -0.7071068
      objectReference: {fileID: 0}
    - target: {fileID: 4440702007402112, guid: af619ca8492dbd145b6115c73d8f5b50, type: 3}
      propertyPath: m_LocalRotation.w
      value: 0.0000020862688
      objectReference: {fileID: 0}
    - target: {fileID: 4440702007402112, guid: af619ca8492dbd145b6115c73d8f5b50, type: 3}
      propertyPath: m_LocalPosition.x
      value: 0.843
      objectReference: {fileID: 0}
    - target: {fileID: 4440702007402112, guid: af619ca8492dbd145b6115c73d8f5b50, type: 3}
      propertyPath: m_LocalEulerAnglesHint.x
      value: -90
      objectReference: {fileID: 0}
    - target: {fileID: 4440702007402112, guid: af619ca8492dbd145b6115c73d8f5b50, type: 3}
      propertyPath: m_LocalEulerAnglesHint.y
      value: 0
      objectReference: {fileID: 0}
    m_RemovedComponents: []
  m_SourcePrefab: {fileID: 100100000, guid: af619ca8492dbd145b6115c73d8f5b50, type: 3}
--- !u!4 &6511959189022722291 stripped
Transform:
  m_CorrespondingSourceObject: {fileID: 4440702007402112, guid: af619ca8492dbd145b6115c73d8f5b50,
    type: 3}
  m_PrefabInstance: {fileID: 6507955083332687475}
  m_PrefabAsset: {fileID: 0}
--- !u!1001 &8315142119216406261
PrefabInstance:
  m_ObjectHideFlags: 0
  serializedVersion: 2
  m_Modification:
    m_TransformParent: {fileID: 2510295983971077900}
    m_Modifications:
    - target: {fileID: 87735306178246652, guid: 9009703c116b16249998e3f43d2e7cc7,
        type: 3}
      propertyPath: m_StaticEditorFlags
      value: 0
      objectReference: {fileID: 0}
    - target: {fileID: 350615108716638708, guid: 9009703c116b16249998e3f43d2e7cc7,
        type: 3}
      propertyPath: m_StaticEditorFlags
      value: 0
      objectReference: {fileID: 0}
    - target: {fileID: 710533459857650017, guid: 9009703c116b16249998e3f43d2e7cc7,
        type: 3}
      propertyPath: m_StaticEditorFlags
      value: 0
      objectReference: {fileID: 0}
    - target: {fileID: 843137348029505862, guid: 9009703c116b16249998e3f43d2e7cc7,
        type: 3}
      propertyPath: m_StaticEditorFlags
      value: 0
      objectReference: {fileID: 0}
    - target: {fileID: 2701687774485037882, guid: 9009703c116b16249998e3f43d2e7cc7,
        type: 3}
      propertyPath: m_StaticEditorFlags
      value: 0
      objectReference: {fileID: 0}
    - target: {fileID: 2709623738102995774, guid: 9009703c116b16249998e3f43d2e7cc7,
        type: 3}
      propertyPath: m_LocalPosition.x
      value: 0
      objectReference: {fileID: 0}
    - target: {fileID: 2709623738102995774, guid: 9009703c116b16249998e3f43d2e7cc7,
        type: 3}
      propertyPath: m_LocalPosition.y
      value: 0
      objectReference: {fileID: 0}
    - target: {fileID: 2709623738102995774, guid: 9009703c116b16249998e3f43d2e7cc7,
        type: 3}
      propertyPath: m_LocalPosition.z
      value: -0.23
      objectReference: {fileID: 0}
    - target: {fileID: 2709623738102995774, guid: 9009703c116b16249998e3f43d2e7cc7,
        type: 3}
      propertyPath: m_LocalRotation.x
      value: 0
      objectReference: {fileID: 0}
    - target: {fileID: 2709623738102995774, guid: 9009703c116b16249998e3f43d2e7cc7,
        type: 3}
      propertyPath: m_LocalRotation.y
      value: -0.7071068
      objectReference: {fileID: 0}
    - target: {fileID: 2709623738102995774, guid: 9009703c116b16249998e3f43d2e7cc7,
        type: 3}
      propertyPath: m_LocalRotation.z
      value: 0
      objectReference: {fileID: 0}
    - target: {fileID: 2709623738102995774, guid: 9009703c116b16249998e3f43d2e7cc7,
        type: 3}
      propertyPath: m_LocalRotation.w
      value: 0.7071068
      objectReference: {fileID: 0}
    - target: {fileID: 2709623738102995774, guid: 9009703c116b16249998e3f43d2e7cc7,
        type: 3}
      propertyPath: m_RootOrder
      value: 5
      objectReference: {fileID: 0}
    - target: {fileID: 2709623738102995774, guid: 9009703c116b16249998e3f43d2e7cc7,
        type: 3}
      propertyPath: m_LocalEulerAnglesHint.x
      value: 0
      objectReference: {fileID: 0}
    - target: {fileID: 2709623738102995774, guid: 9009703c116b16249998e3f43d2e7cc7,
        type: 3}
      propertyPath: m_LocalEulerAnglesHint.y
      value: -90
      objectReference: {fileID: 0}
    - target: {fileID: 2709623738102995774, guid: 9009703c116b16249998e3f43d2e7cc7,
        type: 3}
      propertyPath: m_LocalEulerAnglesHint.z
      value: 0
      objectReference: {fileID: 0}
    - target: {fileID: 3453989499826471788, guid: 9009703c116b16249998e3f43d2e7cc7,
        type: 3}
      propertyPath: m_StaticEditorFlags
      value: 0
      objectReference: {fileID: 0}
    - target: {fileID: 3934439661120432873, guid: 9009703c116b16249998e3f43d2e7cc7,
        type: 3}
      propertyPath: m_StaticEditorFlags
      value: 0
      objectReference: {fileID: 0}
    - target: {fileID: 4549791738604280036, guid: 9009703c116b16249998e3f43d2e7cc7,
        type: 3}
      propertyPath: idremap.Array.data[0]
      value: 0
      objectReference: {fileID: 0}
    - target: {fileID: 4760406680030540501, guid: 9009703c116b16249998e3f43d2e7cc7,
        type: 3}
      propertyPath: m_Name
      value: Player2_Platform_Lightmapped Variant
      objectReference: {fileID: 0}
    - target: {fileID: 4760406680030540501, guid: 9009703c116b16249998e3f43d2e7cc7,
        type: 3}
      propertyPath: m_StaticEditorFlags
      value: 0
      objectReference: {fileID: 0}
    - target: {fileID: 6331685149935137132, guid: 9009703c116b16249998e3f43d2e7cc7,
        type: 3}
      propertyPath: m_StaticEditorFlags
      value: 0
      objectReference: {fileID: 0}
    - target: {fileID: 6488282534595629315, guid: 9009703c116b16249998e3f43d2e7cc7,
        type: 3}
      propertyPath: idremap.Array.data[0]
      value: 1
      objectReference: {fileID: 0}
    - target: {fileID: 6534701756568705427, guid: 9009703c116b16249998e3f43d2e7cc7,
        type: 3}
      propertyPath: m_StaticEditorFlags
      value: 0
      objectReference: {fileID: 0}
    - target: {fileID: 6951481544647168373, guid: 9009703c116b16249998e3f43d2e7cc7,
        type: 3}
      propertyPath: m_StaticEditorFlags
      value: 0
      objectReference: {fileID: 0}
    - target: {fileID: 7859722001041169208, guid: 9009703c116b16249998e3f43d2e7cc7,
        type: 3}
      propertyPath: m_LocalPosition.x
      value: 0
      objectReference: {fileID: 0}
    - target: {fileID: 7859722001041169208, guid: 9009703c116b16249998e3f43d2e7cc7,
        type: 3}
      propertyPath: m_LocalPosition.z
      value: 0.225
      objectReference: {fileID: 0}
    - target: {fileID: 7863640470143722097, guid: 9009703c116b16249998e3f43d2e7cc7,
        type: 3}
      propertyPath: errorMessage
      value: 
      objectReference: {fileID: 0}
    - target: {fileID: 8172614284871384170, guid: 9009703c116b16249998e3f43d2e7cc7,
        type: 3}
      propertyPath: m_StaticEditorFlags
      value: 0
      objectReference: {fileID: 0}
    - target: {fileID: 8973891050026250843, guid: 9009703c116b16249998e3f43d2e7cc7,
        type: 3}
      propertyPath: m_StaticEditorFlags
      value: 0
      objectReference: {fileID: 0}
    m_RemovedComponents: []
  m_SourcePrefab: {fileID: 100100000, guid: 9009703c116b16249998e3f43d2e7cc7, type: 3}
--- !u!4 &6268964350150575563 stripped
Transform:
  m_CorrespondingSourceObject: {fileID: 2709623738102995774, guid: 9009703c116b16249998e3f43d2e7cc7,
    type: 3}
  m_PrefabInstance: {fileID: 8315142119216406261}
  m_PrefabAsset: {fileID: 0}
--- !u!4 &8954614875326080643 stripped
Transform:
  m_CorrespondingSourceObject: {fileID: 1090011274621040758, guid: 9009703c116b16249998e3f43d2e7cc7,
    type: 3}
  m_PrefabInstance: {fileID: 8315142119216406261}
  m_PrefabAsset: {fileID: 0}
--- !u!1001 &8644257241925213284
PrefabInstance:
  m_ObjectHideFlags: 0
  serializedVersion: 2
  m_Modification:
    m_TransformParent: {fileID: 2901950777238869327}
    m_Modifications:
    - target: {fileID: 4451480863387353916, guid: f8af8a3398ffa6246a5069a2330ac405,
        type: 3}
      propertyPath: m_Name
      value: No
      objectReference: {fileID: 0}
    - target: {fileID: 8279431315827186933, guid: f8af8a3398ffa6246a5069a2330ac405,
        type: 3}
      propertyPath: m_Materials.Array.data[0]
      value: 
      objectReference: {fileID: 2100000, guid: e956c86e9a42b3243809b22cf55429fb, type: 2}
    - target: {fileID: 8394276697913276520, guid: f8af8a3398ffa6246a5069a2330ac405,
        type: 3}
      propertyPath: m_LocalPosition.x
      value: 0
      objectReference: {fileID: 0}
    - target: {fileID: 8394276697913276520, guid: f8af8a3398ffa6246a5069a2330ac405,
        type: 3}
      propertyPath: m_LocalPosition.y
      value: 0
      objectReference: {fileID: 0}
    - target: {fileID: 8394276697913276520, guid: f8af8a3398ffa6246a5069a2330ac405,
        type: 3}
      propertyPath: m_LocalPosition.z
      value: 0
      objectReference: {fileID: 0}
    - target: {fileID: 8394276697913276520, guid: f8af8a3398ffa6246a5069a2330ac405,
        type: 3}
      propertyPath: m_LocalRotation.x
      value: 0
      objectReference: {fileID: 0}
    - target: {fileID: 8394276697913276520, guid: f8af8a3398ffa6246a5069a2330ac405,
        type: 3}
      propertyPath: m_LocalRotation.y
      value: 1
      objectReference: {fileID: 0}
    - target: {fileID: 8394276697913276520, guid: f8af8a3398ffa6246a5069a2330ac405,
        type: 3}
      propertyPath: m_LocalRotation.z
      value: 0
      objectReference: {fileID: 0}
    - target: {fileID: 8394276697913276520, guid: f8af8a3398ffa6246a5069a2330ac405,
        type: 3}
      propertyPath: m_LocalRotation.w
      value: 0
      objectReference: {fileID: 0}
    - target: {fileID: 8394276697913276520, guid: f8af8a3398ffa6246a5069a2330ac405,
        type: 3}
      propertyPath: m_RootOrder
      value: 2
      objectReference: {fileID: 0}
    - target: {fileID: 8394276697913276520, guid: f8af8a3398ffa6246a5069a2330ac405,
        type: 3}
      propertyPath: m_LocalEulerAnglesHint.x
      value: 0
      objectReference: {fileID: 0}
    - target: {fileID: 8394276697913276520, guid: f8af8a3398ffa6246a5069a2330ac405,
        type: 3}
      propertyPath: m_LocalEulerAnglesHint.y
      value: 180
      objectReference: {fileID: 0}
    - target: {fileID: 8394276697913276520, guid: f8af8a3398ffa6246a5069a2330ac405,
        type: 3}
      propertyPath: m_LocalEulerAnglesHint.z
      value: 0
      objectReference: {fileID: 0}
    - target: {fileID: 8394276697913276520, guid: f8af8a3398ffa6246a5069a2330ac405,
        type: 3}
      propertyPath: m_LocalScale.x
      value: 17623.475
      objectReference: {fileID: 0}
    - target: {fileID: 8394276697913276520, guid: f8af8a3398ffa6246a5069a2330ac405,
        type: 3}
      propertyPath: m_LocalScale.y
      value: 25834.959
      objectReference: {fileID: 0}
    - target: {fileID: 8394276697913276520, guid: f8af8a3398ffa6246a5069a2330ac405,
        type: 3}
      propertyPath: m_LocalScale.z
      value: 61043.277
      objectReference: {fileID: 0}
    m_RemovedComponents: []
  m_SourcePrefab: {fileID: 100100000, guid: f8af8a3398ffa6246a5069a2330ac405, type: 3}
--- !u!4 &254704098089722892 stripped
Transform:
  m_CorrespondingSourceObject: {fileID: 8394276697913276520, guid: f8af8a3398ffa6246a5069a2330ac405,
    type: 3}
  m_PrefabInstance: {fileID: 8644257241925213284}
  m_PrefabAsset: {fileID: 0}
