%YAML 1.1
%TAG !u! tag:unity3d.com,2011:
--- !u!1 &311908645
GameObject:
  m_ObjectHideFlags: 0
  m_CorrespondingSourceObject: {fileID: 0}
  m_PrefabInstance: {fileID: 0}
  m_PrefabAsset: {fileID: 0}
  serializedVersion: 6
  m_Component:
  - component: {fileID: 311908646}
  - component: {fileID: 311908648}
  - component: {fileID: 311908647}
  m_Layer: 5
  m_Name: Text (TMP)
  m_TagString: Untagged
  m_Icon: {fileID: 0}
  m_NavMeshLayer: 0
  m_StaticEditorFlags: 0
  m_IsActive: 1
--- !u!224 &311908646
RectTransform:
  m_ObjectHideFlags: 0
  m_CorrespondingSourceObject: {fileID: 0}
  m_PrefabInstance: {fileID: 0}
  m_PrefabAsset: {fileID: 0}
  m_GameObject: {fileID: 311908645}
  m_LocalRotation: {x: 0, y: 0, z: 0, w: 1}
  m_LocalPosition: {x: 0, y: 0, z: 0}
  m_LocalScale: {x: 1, y: 1, z: 1}
  m_Children: []
  m_Father: {fileID: 713737693}
  m_RootOrder: 0
  m_LocalEulerAnglesHint: {x: 0, y: 0, z: 0}
  m_AnchorMin: {x: 0.5, y: 0.5}
  m_AnchorMax: {x: 0.5, y: 0.5}
  m_AnchoredPosition: {x: -48.1, y: -3.2}
  m_SizeDelta: {x: 200, y: 50}
  m_Pivot: {x: 0.5, y: 0.5}
--- !u!222 &311908648
CanvasRenderer:
  m_ObjectHideFlags: 0
  m_CorrespondingSourceObject: {fileID: 0}
  m_PrefabInstance: {fileID: 0}
  m_PrefabAsset: {fileID: 0}
  m_GameObject: {fileID: 311908645}
  m_CullTransparentMesh: 0
--- !u!114 &311908647
MonoBehaviour:
  m_ObjectHideFlags: 0
  m_CorrespondingSourceObject: {fileID: 0}
  m_PrefabInstance: {fileID: 0}
  m_PrefabAsset: {fileID: 0}
  m_GameObject: {fileID: 311908645}
  m_Enabled: 1
  m_EditorHideFlags: 0
  m_Script: {fileID: 11500000, guid: f4688fdb7df04437aeb418b961361dc5, type: 3}
  m_Name: 
  m_EditorClassIdentifier: 
  m_Material: {fileID: 0}
  m_Color: {r: 1, g: 1, b: 1, a: 1}
  m_RaycastTarget: 1
  m_OnCullStateChanged:
    m_PersistentCalls:
      m_Calls: []
  m_text: 'Points:'
  m_isRightToLeft: 0
  m_fontAsset: {fileID: 11400000, guid: 8f586378b4e144a9851e7b34d9b748ee, type: 2}
  m_sharedMaterial: {fileID: 2180264, guid: 8f586378b4e144a9851e7b34d9b748ee, type: 2}
  m_fontSharedMaterials: []
  m_fontMaterial: {fileID: 0}
  m_fontMaterials: []
  m_fontColor32:
    serializedVersion: 2
    rgba: 4279697663
  m_fontColor: {r: 1, g: 0, b: 0.09019756, a: 1}
  m_enableVertexGradient: 0
  m_colorMode: 3
  m_fontColorGradient:
    topLeft: {r: 1, g: 1, b: 1, a: 1}
    topRight: {r: 1, g: 1, b: 1, a: 1}
    bottomLeft: {r: 1, g: 1, b: 1, a: 1}
    bottomRight: {r: 1, g: 1, b: 1, a: 1}
  m_fontColorGradientPreset: {fileID: 0}
  m_spriteAsset: {fileID: 0}
  m_tintAllSprites: 0
  m_overrideHtmlColors: 0
  m_faceColor:
    serializedVersion: 2
    rgba: 4294967295
  m_outlineColor:
    serializedVersion: 2
    rgba: 4278190080
  m_fontSize: 39.19
  m_fontSizeBase: 39.19
  m_fontWeight: 400
  m_enableAutoSizing: 0
  m_fontSizeMin: 18
  m_fontSizeMax: 72
  m_fontStyle: 0
  m_textAlignment: 257
  m_characterSpacing: 0
  m_wordSpacing: 0
  m_lineSpacing: 0
  m_lineSpacingMax: 0
  m_paragraphSpacing: 0
  m_charWidthMaxAdj: 0
  m_enableWordWrapping: 1
  m_wordWrappingRatios: 0.4
  m_overflowMode: 0
  m_firstOverflowCharacterIndex: -1
  m_linkedTextComponent: {fileID: 0}
  m_isLinkedTextComponent: 0
  m_isTextTruncated: 0
  m_enableKerning: 1
  m_enableExtraPadding: 0
  checkPaddingRequired: 0
  m_isRichText: 1
  m_parseCtrlCharacters: 1
  m_isOrthographic: 1
  m_isCullingEnabled: 0
  m_ignoreRectMaskCulling: 0
  m_ignoreCulling: 1
  m_horizontalMapping: 0
  m_verticalMapping: 0
  m_uvLineOffset: 0
  m_geometrySortingOrder: 0
  m_VertexBufferAutoSizeReduction: 1
  m_firstVisibleCharacter: 0
  m_useMaxVisibleDescender: 1
  m_pageToDisplay: 1
  m_margin: {x: 0, y: 0, z: 0, w: 0}
  m_textInfo:
    textComponent: {fileID: 311908647}
    characterCount: 7
    spriteCount: 0
    spaceCount: 0
    wordCount: 1
    linkCount: 0
    lineCount: 1
    pageCount: 1
    materialCount: 1
  m_isUsingLegacyAnimationComponent: 0
  m_isVolumetricText: 0
  m_spriteAnimator: {fileID: 0}
  m_hasFontAssetChanged: 0
  m_subTextObjects:
  - {fileID: 0}
  - {fileID: 0}
  - {fileID: 0}
  - {fileID: 0}
  - {fileID: 0}
  - {fileID: 0}
  - {fileID: 0}
  - {fileID: 0}
  m_baseMaterial: {fileID: 0}
  m_maskOffset: {x: 0, y: 0, z: 0, w: 0}
--- !u!1 &713737692
GameObject:
  m_ObjectHideFlags: 0
  m_CorrespondingSourceObject: {fileID: 0}
  m_PrefabInstance: {fileID: 0}
  m_PrefabAsset: {fileID: 0}
  serializedVersion: 6
  m_Component:
  - component: {fileID: 713737693}
  - component: {fileID: 713737696}
  - component: {fileID: 713737695}
  - component: {fileID: 713737694}
  m_Layer: 5
  m_Name: pointsinside
  m_TagString: Untagged
  m_Icon: {fileID: 0}
  m_NavMeshLayer: 0
  m_StaticEditorFlags: 4294967295
  m_IsActive: 1
--- !u!224 &713737693
RectTransform:
  m_ObjectHideFlags: 0
  m_CorrespondingSourceObject: {fileID: 0}
  m_PrefabInstance: {fileID: 0}
  m_PrefabAsset: {fileID: 0}
  m_GameObject: {fileID: 713737692}
  m_LocalRotation: {x: 0.00000072086544, y: 0.97147566, z: -0.23713934, w: 4.547474e-13}
  m_LocalPosition: {x: 0, y: 0, z: 199.7}
  m_LocalScale: {x: 0.9999988, y: 1.0864413, z: 1.0864414}
  m_Children:
  - {fileID: 311908646}
  m_Father: {fileID: 1094265888694047368}
  m_RootOrder: 4
  m_LocalEulerAnglesHint: {x: 27.436, y: 179.99998, z: 0}
  m_AnchorMin: {x: 0.5, y: 0.5}
  m_AnchorMax: {x: 0.5, y: 0.5}
  m_AnchoredPosition: {x: -69.5, y: -150.2}
  m_SizeDelta: {x: 500, y: 300}
  m_Pivot: {x: 0.5, y: 0.5}
--- !u!222 &713737696
CanvasRenderer:
  m_ObjectHideFlags: 0
  m_CorrespondingSourceObject: {fileID: 0}
  m_PrefabInstance: {fileID: 0}
  m_PrefabAsset: {fileID: 0}
  m_GameObject: {fileID: 713737692}
  m_CullTransparentMesh: 0
--- !u!114 &713737695
MonoBehaviour:
  m_ObjectHideFlags: 0
  m_CorrespondingSourceObject: {fileID: 0}
  m_PrefabInstance: {fileID: 0}
  m_PrefabAsset: {fileID: 0}
  m_GameObject: {fileID: 713737692}
  m_Enabled: 1
  m_EditorHideFlags: 0
  m_Script: {fileID: 11500000, guid: 5f7201a12d95ffc409449d95f23cf332, type: 3}
  m_Name: 
  m_EditorClassIdentifier: 
  m_Material: {fileID: 0}
  m_Color: {r: 1, g: 0, b: 0.10980393, a: 1}
  m_RaycastTarget: 1
  m_OnCullStateChanged:
    m_PersistentCalls:
      m_Calls: []
  m_FontData:
    m_Font: {fileID: 12800000, guid: e3265ab4bf004d28a9537516768c1c75, type: 3}
    m_FontSize: 48
    m_FontStyle: 0
    m_BestFit: 0
    m_MinSize: 0
    m_MaxSize: 300
    m_Alignment: 4
    m_AlignByGeometry: 0
    m_RichText: 1
    m_HorizontalOverflow: 0
    m_VerticalOverflow: 0
    m_LineSpacing: 1
  m_Text: 0
--- !u!114 &713737694
MonoBehaviour:
  m_ObjectHideFlags: 0
  m_CorrespondingSourceObject: {fileID: 0}
  m_PrefabInstance: {fileID: 0}
  m_PrefabAsset: {fileID: 0}
  m_GameObject: {fileID: 713737692}
  m_Enabled: 1
  m_EditorHideFlags: 0
  m_Script: {fileID: 11500000, guid: 03616ac9f5828fb44aecffdf85e22c51, type: 3}
  m_Name: 
  m_EditorClassIdentifier: 
  pointsFromPlayerList:
  - {fileID: 1094265889885113316}
--- !u!1 &1997036615
GameObject:
  m_ObjectHideFlags: 0
  m_CorrespondingSourceObject: {fileID: 0}
  m_PrefabInstance: {fileID: 0}
  m_PrefabAsset: {fileID: 0}
  serializedVersion: 6
  m_Component:
  - component: {fileID: 1997036616}
  - component: {fileID: 1997036617}
  - component: {fileID: 1141865999}
  m_Layer: 0
  m_Name: TriggerPlayer4
  m_TagString: Untagged
  m_Icon: {fileID: 0}
  m_NavMeshLayer: 0
  m_StaticEditorFlags: 0
  m_IsActive: 1
--- !u!4 &1997036616
Transform:
  m_ObjectHideFlags: 0
  m_CorrespondingSourceObject: {fileID: 0}
  m_PrefabInstance: {fileID: 0}
  m_PrefabAsset: {fileID: 0}
  m_GameObject: {fileID: 1997036615}
  m_LocalRotation: {x: -0, y: -0, z: -0, w: 1}
  m_LocalPosition: {x: -0.00999999, y: 0.48469996, z: 0.3399999}
  m_LocalScale: {x: 2.321668, y: 1.0307, z: 2.3004596}
  m_Children: []
  m_Father: {fileID: 2101681899449888919}
  m_RootOrder: 7
  m_LocalEulerAnglesHint: {x: 0, y: 0, z: 0}
--- !u!65 &1997036617
BoxCollider:
  m_ObjectHideFlags: 0
  m_CorrespondingSourceObject: {fileID: 0}
  m_PrefabInstance: {fileID: 0}
  m_PrefabAsset: {fileID: 0}
  m_GameObject: {fileID: 1997036615}
  m_Material: {fileID: 0}
  m_IsTrigger: 1
  m_Enabled: 1
  serializedVersion: 2
  m_Size: {x: 0.84, y: 1, z: 0.86}
  m_Center: {x: 0, y: 0, z: -0.04}
--- !u!114 &1141865999
MonoBehaviour:
  m_ObjectHideFlags: 0
  m_CorrespondingSourceObject: {fileID: 0}
  m_PrefabInstance: {fileID: 0}
  m_PrefabAsset: {fileID: 0}
  m_GameObject: {fileID: 1997036615}
  m_Enabled: 1
  m_EditorHideFlags: 0
  m_Script: {fileID: 11500000, guid: 1a016927c916d2c4fa432d1c50cbdf61, type: 3}
  m_Name: 
  m_EditorClassIdentifier: 
  playerSetupPlayer4: {fileID: 0}
  player4Name: 
  player4joined: 0
--- !u!1001 &6951779342393607191
PrefabInstance:
  m_ObjectHideFlags: 0
  serializedVersion: 2
  m_Modification:
    m_TransformParent: {fileID: 0}
    m_Modifications:
    - target: {fileID: 642598693200695695, guid: 9d76cbc31c4677344a7df7db51ae5d79,
        type: 3}
      propertyPath: playerPointsOverThePlattform
      value: 
      objectReference: {fileID: 713737695}
    - target: {fileID: 715170850928124666, guid: 9d76cbc31c4677344a7df7db51ae5d79,
        type: 3}
      propertyPath: m_IsTrigger
      value: 1
      objectReference: {fileID: 0}
    - target: {fileID: 715170850928124666, guid: 9d76cbc31c4677344a7df7db51ae5d79,
        type: 3}
      propertyPath: m_Enabled
      value: 1
      objectReference: {fileID: 0}
    - target: {fileID: 1189599731935462210, guid: 9d76cbc31c4677344a7df7db51ae5d79,
        type: 3}
      propertyPath: m_StaticEditorFlags
      value: 4294967295
      objectReference: {fileID: 0}
    - target: {fileID: 1542587299774776650, guid: 9d76cbc31c4677344a7df7db51ae5d79,
        type: 3}
      propertyPath: m_StaticEditorFlags
      value: 4294967295
      objectReference: {fileID: 0}
    - target: {fileID: 2126752738019722199, guid: 9d76cbc31c4677344a7df7db51ae5d79,
        type: 3}
      propertyPath: m_StaticEditorFlags
      value: 4294967295
      objectReference: {fileID: 0}
    - target: {fileID: 2238641655320692365, guid: 9d76cbc31c4677344a7df7db51ae5d79,
        type: 3}
      propertyPath: m_StaticEditorFlags
      value: 4294967295
      objectReference: {fileID: 0}
    - target: {fileID: 2238641655320692365, guid: 9d76cbc31c4677344a7df7db51ae5d79,
        type: 3}
      propertyPath: m_IsActive
      value: 0
      objectReference: {fileID: 0}
    - target: {fileID: 2238686672595631173, guid: 9d76cbc31c4677344a7df7db51ae5d79,
        type: 3}
      propertyPath: m_StaticEditorFlags
      value: 4294967295
      objectReference: {fileID: 0}
    - target: {fileID: 2239435568456519343, guid: 9d76cbc31c4677344a7df7db51ae5d79,
        type: 3}
      propertyPath: m_StaticEditorFlags
      value: 4294967295
      objectReference: {fileID: 0}
    - target: {fileID: 2239446543897905453, guid: 9d76cbc31c4677344a7df7db51ae5d79,
        type: 3}
      propertyPath: m_StaticEditorFlags
      value: 4294967295
      objectReference: {fileID: 0}
    - target: {fileID: 2239466407794652665, guid: 9d76cbc31c4677344a7df7db51ae5d79,
        type: 3}
      propertyPath: m_StaticEditorFlags
      value: 4294967295
      objectReference: {fileID: 0}
    - target: {fileID: 2239524879067474467, guid: 9d76cbc31c4677344a7df7db51ae5d79,
        type: 3}
      propertyPath: m_StaticEditorFlags
      value: 4294967295
      objectReference: {fileID: 0}
    - target: {fileID: 2239554105068886649, guid: 9d76cbc31c4677344a7df7db51ae5d79,
        type: 3}
      propertyPath: m_StaticEditorFlags
      value: 4294967295
      objectReference: {fileID: 0}
    - target: {fileID: 2239860752764659519, guid: 9d76cbc31c4677344a7df7db51ae5d79,
        type: 3}
      propertyPath: m_StaticEditorFlags
      value: 4294967295
      objectReference: {fileID: 0}
    - target: {fileID: 2239978035484898879, guid: 9d76cbc31c4677344a7df7db51ae5d79,
        type: 3}
      propertyPath: m_StaticEditorFlags
      value: 4294967295
      objectReference: {fileID: 0}
    - target: {fileID: 2240316538884514985, guid: 9d76cbc31c4677344a7df7db51ae5d79,
        type: 3}
      propertyPath: m_StaticEditorFlags
      value: 4294967295
      objectReference: {fileID: 0}
    - target: {fileID: 2240341005927465039, guid: 9d76cbc31c4677344a7df7db51ae5d79,
        type: 3}
      propertyPath: m_StaticEditorFlags
      value: 4294967295
      objectReference: {fileID: 0}
    - target: {fileID: 2240386939632595395, guid: 9d76cbc31c4677344a7df7db51ae5d79,
        type: 3}
      propertyPath: m_StaticEditorFlags
      value: 4294967295
      objectReference: {fileID: 0}
    - target: {fileID: 2240402432123768143, guid: 9d76cbc31c4677344a7df7db51ae5d79,
        type: 3}
      propertyPath: m_StaticEditorFlags
      value: 4294967295
      objectReference: {fileID: 0}
    - target: {fileID: 2240535572029771567, guid: 9d76cbc31c4677344a7df7db51ae5d79,
        type: 3}
      propertyPath: m_StaticEditorFlags
      value: 4294967295
      objectReference: {fileID: 0}
    - target: {fileID: 2300355077290890224, guid: 9d76cbc31c4677344a7df7db51ae5d79,
        type: 3}
      propertyPath: m_StaticEditorFlags
      value: 4294967295
      objectReference: {fileID: 0}
    - target: {fileID: 2505721254998431839, guid: 9d76cbc31c4677344a7df7db51ae5d79,
        type: 3}
      propertyPath: m_StaticEditorFlags
      value: 4294967295
      objectReference: {fileID: 0}
    - target: {fileID: 3540320261958742412, guid: 9d76cbc31c4677344a7df7db51ae5d79,
        type: 3}
      propertyPath: m_StaticEditorFlags
      value: 4294967295
      objectReference: {fileID: 0}
    - target: {fileID: 4301189519309238746, guid: 9d76cbc31c4677344a7df7db51ae5d79,
        type: 3}
      propertyPath: m_StaticEditorFlags
      value: 4294967295
      objectReference: {fileID: 0}
    - target: {fileID: 4864246222873330650, guid: 9d76cbc31c4677344a7df7db51ae5d79,
        type: 3}
      propertyPath: m_StaticEditorFlags
      value: 4294967295
      objectReference: {fileID: 0}
    - target: {fileID: 5075911270133997939, guid: 9d76cbc31c4677344a7df7db51ae5d79,
        type: 3}
      propertyPath: viewIdField
      value: 0
      objectReference: {fileID: 0}
    - target: {fileID: 5075911270133997939, guid: 9d76cbc31c4677344a7df7db51ae5d79,
        type: 3}
      propertyPath: instantiationId
      value: -1
      objectReference: {fileID: 0}
    - target: {fileID: 5688046957382036261, guid: 9d76cbc31c4677344a7df7db51ae5d79,
        type: 3}
      propertyPath: m_StaticEditorFlags
      value: 4294967295
      objectReference: {fileID: 0}
    - target: {fileID: 6098459069611956296, guid: 9d76cbc31c4677344a7df7db51ae5d79,
        type: 3}
      propertyPath: m_StaticEditorFlags
      value: 4294967295
      objectReference: {fileID: 0}
    - target: {fileID: 6219383766373400675, guid: 9d76cbc31c4677344a7df7db51ae5d79,
        type: 3}
      propertyPath: m_StaticEditorFlags
      value: 4294967295
      objectReference: {fileID: 0}
    - target: {fileID: 6415327566016281561, guid: 9d76cbc31c4677344a7df7db51ae5d79,
        type: 3}
      propertyPath: m_Name
      value: Setup Player_4 Variant
      objectReference: {fileID: 0}
    - target: {fileID: 6415327566016281561, guid: 9d76cbc31c4677344a7df7db51ae5d79,
        type: 3}
      propertyPath: m_StaticEditorFlags
      value: 4294967295
      objectReference: {fileID: 0}
    - target: {fileID: 6440344387743882581, guid: 9d76cbc31c4677344a7df7db51ae5d79,
        type: 3}
      propertyPath: m_Materials.Array.data[0]
      value: 
      objectReference: {fileID: 2100000, guid: 26b948d53c7eba540a08a6968275bea5, type: 2}
    - target: {fileID: 6668569171333534652, guid: 9d76cbc31c4677344a7df7db51ae5d79,
        type: 3}
      propertyPath: m_StaticEditorFlags
      value: 4294967295
      objectReference: {fileID: 0}
    - target: {fileID: 7292763030382956252, guid: 9d76cbc31c4677344a7df7db51ae5d79,
        type: 3}
      propertyPath: m_StaticEditorFlags
      value: 4294967295
      objectReference: {fileID: 0}
    - target: {fileID: 7554302869273723117, guid: 9d76cbc31c4677344a7df7db51ae5d79,
        type: 3}
      propertyPath: m_StaticEditorFlags
      value: 4294967295
      objectReference: {fileID: 0}
    - target: {fileID: 8022656400428436281, guid: 9d76cbc31c4677344a7df7db51ae5d79,
        type: 3}
      propertyPath: m_StaticEditorFlags
      value: 4294967295
      objectReference: {fileID: 0}
    - target: {fileID: 8022656400845529606, guid: 9d76cbc31c4677344a7df7db51ae5d79,
        type: 3}
      propertyPath: m_StaticEditorFlags
      value: 4294967295
      objectReference: {fileID: 0}
    - target: {fileID: 8022656401059401715, guid: 9d76cbc31c4677344a7df7db51ae5d79,
        type: 3}
      propertyPath: m_FontData.m_Font
      value: 
      objectReference: {fileID: 12800000, guid: e3265ab4bf004d28a9537516768c1c75,
        type: 3}
    - target: {fileID: 8022656401059401717, guid: 9d76cbc31c4677344a7df7db51ae5d79,
        type: 3}
      propertyPath: m_StaticEditorFlags
      value: 4294967295
      objectReference: {fileID: 0}
    - target: {fileID: 8022656401262621424, guid: 9d76cbc31c4677344a7df7db51ae5d79,
        type: 3}
      propertyPath: m_StaticEditorFlags
      value: 4294967295
      objectReference: {fileID: 0}
    - target: {fileID: 8022656401645626582, guid: 9d76cbc31c4677344a7df7db51ae5d79,
        type: 3}
      propertyPath: m_StaticEditorFlags
      value: 4294967295
      objectReference: {fileID: 0}
    - target: {fileID: 8022656401983145794, guid: 9d76cbc31c4677344a7df7db51ae5d79,
        type: 3}
      propertyPath: m_StaticEditorFlags
      value: 4294967295
      objectReference: {fileID: 0}
    - target: {fileID: 8022656402015819419, guid: 9d76cbc31c4677344a7df7db51ae5d79,
        type: 3}
      propertyPath: m_AdditionalShaderChannelsFlag
      value: 25
      objectReference: {fileID: 0}
    - target: {fileID: 8022656402015819422, guid: 9d76cbc31c4677344a7df7db51ae5d79,
        type: 3}
      propertyPath: m_StaticEditorFlags
      value: 4294967295
      objectReference: {fileID: 0}
    - target: {fileID: 8022656402157827728, guid: 9d76cbc31c4677344a7df7db51ae5d79,
        type: 3}
      propertyPath: m_Color.r
      value: 0.8773585
      objectReference: {fileID: 0}
    - target: {fileID: 8022656402157827728, guid: 9d76cbc31c4677344a7df7db51ae5d79,
        type: 3}
      propertyPath: m_Color.g
      value: 0.8773585
      objectReference: {fileID: 0}
    - target: {fileID: 8022656402157827728, guid: 9d76cbc31c4677344a7df7db51ae5d79,
        type: 3}
      propertyPath: m_Color.b
      value: 0.8773585
      objectReference: {fileID: 0}
    - target: {fileID: 8022656402157827728, guid: 9d76cbc31c4677344a7df7db51ae5d79,
        type: 3}
      propertyPath: m_FontData.m_Font
      value: 
      objectReference: {fileID: 12800000, guid: e3265ab4bf004d28a9537516768c1c75,
        type: 3}
    - target: {fileID: 8022656402157827730, guid: 9d76cbc31c4677344a7df7db51ae5d79,
        type: 3}
      propertyPath: m_StaticEditorFlags
      value: 4294967295
      objectReference: {fileID: 0}
    - target: {fileID: 8022656402221959422, guid: 9d76cbc31c4677344a7df7db51ae5d79,
        type: 3}
      propertyPath: m_StaticEditorFlags
      value: 4294967295
      objectReference: {fileID: 0}
    - target: {fileID: 8022656402221959423, guid: 9d76cbc31c4677344a7df7db51ae5d79,
        type: 3}
      propertyPath: m_LocalPosition.y
      value: 0
      objectReference: {fileID: 0}
    - target: {fileID: 8124084480241147770, guid: 9d76cbc31c4677344a7df7db51ae5d79,
        type: 3}
      propertyPath: m_StaticEditorFlags
      value: 4294967295
      objectReference: {fileID: 0}
    - target: {fileID: 8369785496053326787, guid: 9d76cbc31c4677344a7df7db51ae5d79,
        type: 3}
      propertyPath: m_StaticEditorFlags
      value: 4294967295
      objectReference: {fileID: 0}
    - target: {fileID: 9002438804383710353, guid: 9d76cbc31c4677344a7df7db51ae5d79,
        type: 3}
      propertyPath: m_StaticEditorFlags
      value: 4294967295
      objectReference: {fileID: 0}
    - target: {fileID: 9002438804383710353, guid: 9d76cbc31c4677344a7df7db51ae5d79,
        type: 3}
      propertyPath: m_IsActive
      value: 0
      objectReference: {fileID: 0}
    - target: {fileID: 9030564940704986240, guid: 9d76cbc31c4677344a7df7db51ae5d79,
        type: 3}
      propertyPath: m_LocalPosition.x
      value: 0
      objectReference: {fileID: 0}
    - target: {fileID: 9030564940704986240, guid: 9d76cbc31c4677344a7df7db51ae5d79,
        type: 3}
      propertyPath: m_LocalPosition.y
      value: 0.5
      objectReference: {fileID: 0}
    - target: {fileID: 9030564940704986240, guid: 9d76cbc31c4677344a7df7db51ae5d79,
        type: 3}
      propertyPath: m_LocalPosition.z
      value: 2
      objectReference: {fileID: 0}
    - target: {fileID: 9030564940704986240, guid: 9d76cbc31c4677344a7df7db51ae5d79,
        type: 3}
      propertyPath: m_LocalRotation.x
      value: -0
      objectReference: {fileID: 0}
    - target: {fileID: 9030564940704986240, guid: 9d76cbc31c4677344a7df7db51ae5d79,
        type: 3}
      propertyPath: m_LocalRotation.y
      value: -0
      objectReference: {fileID: 0}
    - target: {fileID: 9030564940704986240, guid: 9d76cbc31c4677344a7df7db51ae5d79,
        type: 3}
      propertyPath: m_LocalRotation.z
      value: -0
      objectReference: {fileID: 0}
    - target: {fileID: 9030564940704986240, guid: 9d76cbc31c4677344a7df7db51ae5d79,
        type: 3}
      propertyPath: m_LocalRotation.w
      value: 1
      objectReference: {fileID: 0}
    - target: {fileID: 9030564940704986240, guid: 9d76cbc31c4677344a7df7db51ae5d79,
        type: 3}
      propertyPath: m_RootOrder
      value: 0
      objectReference: {fileID: 0}
    - target: {fileID: 9030564940704986240, guid: 9d76cbc31c4677344a7df7db51ae5d79,
        type: 3}
      propertyPath: m_LocalEulerAnglesHint.x
      value: 0
      objectReference: {fileID: 0}
    - target: {fileID: 9030564940704986240, guid: 9d76cbc31c4677344a7df7db51ae5d79,
        type: 3}
      propertyPath: m_LocalEulerAnglesHint.y
      value: 0
      objectReference: {fileID: 0}
    - target: {fileID: 9030564940704986240, guid: 9d76cbc31c4677344a7df7db51ae5d79,
        type: 3}
      propertyPath: m_LocalEulerAnglesHint.z
      value: 0
      objectReference: {fileID: 0}
    m_RemovedComponents: []
  m_SourcePrefab: {fileID: 100100000, guid: 9d76cbc31c4677344a7df7db51ae5d79, type: 3}
--- !u!4 &2101681899449888919 stripped
Transform:
  m_CorrespondingSourceObject: {fileID: 9030564940704986240, guid: 9d76cbc31c4677344a7df7db51ae5d79,
    type: 3}
  m_PrefabInstance: {fileID: 6951779342393607191}
  m_PrefabAsset: {fileID: 0}
--- !u!224 &1094265888694047368 stripped
RectTransform:
  m_CorrespondingSourceObject: {fileID: 8022656402015819423, guid: 9d76cbc31c4677344a7df7db51ae5d79,
    type: 3}
  m_PrefabInstance: {fileID: 6951779342393607191}
  m_PrefabAsset: {fileID: 0}
--- !u!114 &1094265889885113316 stripped
MonoBehaviour:
  m_CorrespondingSourceObject: {fileID: 8022656401059401715, guid: 9d76cbc31c4677344a7df7db51ae5d79,
    type: 3}
  m_PrefabInstance: {fileID: 6951779342393607191}
  m_PrefabAsset: {fileID: 0}
  m_GameObject: {fileID: 0}
  m_Enabled: 1
  m_EditorHideFlags: 0
  m_Script: {fileID: 11500000, guid: 5f7201a12d95ffc409449d95f23cf332, type: 3}
  m_Name: 
  m_EditorClassIdentifier: 
